<TICKER>,<PER>,<DATE>,<TIME>,<LAST>,<VOL>
GAZP,0,20090111,102959,115.000000000,20
GAZP,0,20090111,102959,115.000000000,6
GAZP,0,20090111,102959,115.000000000,106
GAZP,0,20090111,102959,115.000000000,250
GAZP,0,20090111,102959,115.000000000,7
GAZP,0,20090111,102959,115.000000000,50
GAZP,0,20090111,102959,115.000000000,291
GAZP,0,20090111,102959,115.000000000,9
GAZP,0,20090111,102959,115.000000000,20
GAZP,0,20090111,102959,115.000000000,10
GAZP,0,20090111,102959,115.000000000,70
GAZP,0,20090111,102959,115.000000000,1
GAZP,0,20090111,102959,115.000000000,1
GAZP,0,20090111,102959,115.000000000,47
GAZP,0,20090111,102959,115.000000000,92
GAZP,0,20090111,102959,115.000000000,30
GAZP,0,20090111,102959,115.000000000,50
GAZP,0,20090111,102959,115.000000000,670
GAZP,0,20090111,102959,115.000000000,330
GAZP,0,20090111,102959,115.000000000,1000
GAZP,0,20090111,102959,115.000000000,1000
GAZP,0,20090111,102959,115.000000000,10
GAZP,0,20090111,102959,115.000000000,1
GAZP,0,20090111,102959,115.000000000,159
GAZP,0,20090111,102959,115.000000000,1
GAZP,0,20090111,102959,115.000000000,50
GAZP,0,20090111,102959,115.000000000,370
GAZP,0,20090111,102959,115.000000000,240
GAZP,0,20090111,102959,115.000000000,1
GAZP,0,20090111,102959,115.000000000,30
GAZP,0,20090111,102959,115.000000000,1
GAZP,0,20090111,102959,115.000000000,46
GAZP,0,20090111,102959,115.000000000,312
GAZP,0,20090111,102959,115.000000000,688
GAZP,0,20090111,102959,115.000000000,20
GAZP,0,20090111,102959,115.000000000,100
GAZP,0,20090111,102959,115.000000000,1
GAZP,0,20090111,102959,115.000000000,50
GAZP,0,20090111,102959,115.000000000,25
GAZP,0,20090111,102959,115.000000000,100
GAZP,0,20090111,102959,115.000000000,10
GAZP,0,20090111,102959,115.000000000,100
GAZP,0,20090111,102959,115.000000000,1
GAZP,0,20090111,102959,115.000000000,1000
GAZP,0,20090111,102959,115.000000000,60
GAZP,0,20090111,102959,115.000000000,345
GAZP,0,20090111,102959,115.000000000,181
GAZP,0,20090111,102959,115.000000000,165
GAZP,0,20090111,102959,115.000000000,353
GAZP,0,20090111,102959,115.000000000,177
GAZP,0,20090111,102959,115.000000000,458
GAZP,0,20090111,102959,115.000000000,64
GAZP,0,20090111,102959,115.000000000,210
GAZP,0,20090111,102959,115.000000000,71
GAZP,0,20090111,102959,115.000000000,378
GAZP,0,20090111,102959,115.000000000,252
GAZP,0,20090111,102959,115.000000000,462
GAZP,0,20090111,102959,115.000000000,408
GAZP,0,20090111,102959,115.000000000,262
GAZP,0,20090111,102959,115.000000000,422
GAZP,0,20090111,102959,115.000000000,792
GAZP,0,20090111,102959,115.000000000,208
GAZP,0,20090111,102959,115.000000000,632
GAZP,0,20090111,102959,115.000000000,10
GAZP,0,20090111,102959,115.000000000,258
GAZP,0,20090111,102959,115.000000000,1500
GAZP,0,20090111,102959,115.000000000,50
GAZP,0,20090111,102959,115.000000000,292
GAZP,0,20090111,102959,115.000000000,100
GAZP,0,20090111,102959,115.000000000,60
GAZP,0,20090111,102959,115.000000000,10
GAZP,0,20090111,102959,115.000000000,1
GAZP,0,20090111,102959,115.000000000,1
GAZP,0,20090111,102959,115.000000000,150
GAZP,0,20090111,102959,115.000000000,1
GAZP,0,20090111,102959,115.000000000,50
GAZP,0,20090111,102959,115.000000000,1500
GAZP,0,20090111,102959,115.000000000,200
GAZP,0,20090111,102959,115.000000000,1500
GAZP,0,20090111,102959,115.000000000,46
GAZP,0,20090111,102959,115.000000000,200
GAZP,0,20090111,102959,115.000000000,500
GAZP,0,20090111,102959,115.000000000,250
GAZP,0,20090111,102959,115.000000000,18
GAZP,0,20090111,102959,115.000000000,10000
GAZP,0,20090111,102959,115.000000000,1
GAZP,0,20090111,102959,115.000000000,1
GAZP,0,20090111,102959,115.000000000,123
GAZP,0,20090111,102959,115.000000000,10
GAZP,0,20090111,102959,115.000000000,2555
GAZP,0,20090111,102959,115.000000000,10
GAZP,0,20090111,102959,115.000000000,1000
GAZP,0,20090111,102959,115.000000000,10
GAZP,0,20090111,102959,115.000000000,10
GAZP,0,20090111,102959,115.000000000,1000
GAZP,0,20090111,102959,115.000000000,100
GAZP,0,20090111,102959,115.000000000,1
GAZP,0,20090111,102959,115.000000000,1
GAZP,0,20090111,102959,115.000000000,1000
GAZP,0,20090111,102959,115.000000000,25
GAZP,0,20090111,102959,115.000000000,100
GAZP,0,20090111,102959,115.000000000,10
GAZP,0,20090111,102959,115.000000000,3
GAZP,0,20090111,102959,115.000000000,2
GAZP,0,20090111,102959,115.000000000,1
GAZP,0,20090111,102959,115.000000000,400
GAZP,0,20090111,102959,115.000000000,500
GAZP,0,20090111,102959,115.000000000,1
GAZP,0,20090111,102959,115.000000000,257
GAZP,0,20090111,102959,115.000000000,3000
GAZP,0,20090111,102959,115.000000000,243
GAZP,0,20090111,102959,115.000000000,10
GAZP,0,20090111,102959,115.000000000,2000
GAZP,0,20090111,102959,115.000000000,500
GAZP,0,20090111,102959,115.000000000,10
GAZP,0,20090111,102959,115.000000000,237
GAZP,0,20090111,102959,115.000000000,50
GAZP,0,20090111,102959,115.000000000,100
GAZP,0,20090111,102959,115.000000000,200
GAZP,0,20090111,102959,115.000000000,1213
GAZP,0,20090111,102959,115.000000000,1200
GAZP,0,20090111,102959,115.000000000,150
GAZP,0,20090111,102959,115.000000000,1
GAZP,0,20090111,102959,115.000000000,1660
GAZP,0,20090111,102959,115.000000000,1100
GAZP,0,20090111,102959,115.000000000,50
GAZP,0,20090111,102959,115.000000000,10
GAZP,0,20090111,102959,115.000000000,1100
GAZP,0,20090111,102959,115.000000000,1
GAZP,0,20090111,102959,115.000000000,10
GAZP,0,20090111,102959,115.000000000,20
GAZP,0,20090111,102959,115.000000000,100
GAZP,0,20090111,102959,115.000000000,350
GAZP,0,20090111,102959,115.000000000,100
GAZP,0,20090111,102959,115.000000000,1400
GAZP,0,20090111,102959,115.000000000,1400
GAZP,0,20090111,102959,115.000000000,50
GAZP,0,20090111,102959,115.000000000,100
GAZP,0,20090111,102959,115.000000000,1
GAZP,0,20090111,102959,115.000000000,20
GAZP,0,20090111,102959,115.000000000,1
GAZP,0,20090111,102959,115.000000000,50
GAZP,0,20090111,102959,115.000000000,20
GAZP,0,20090111,102959,115.000000000,25
GAZP,0,20090111,102959,115.000000000,100
GAZP,0,20090111,102959,115.000000000,500
GAZP,0,20090111,102959,115.000000000,660
GAZP,0,20090111,102959,115.000000000,1
GAZP,0,20090111,102959,115.000000000,100
GAZP,0,20090111,102959,115.000000000,100
GAZP,0,20090111,102959,115.000000000,500
GAZP,0,20090111,102959,115.000000000,600
GAZP,0,20090111,102959,115.000000000,10
GAZP,0,20090111,102959,115.000000000,500
GAZP,0,20090111,102959,115.000000000,950
GAZP,0,20090111,102959,115.000000000,76
GAZP,0,20090111,102959,115.000000000,20
GAZP,0,20090111,102959,115.000000000,100
GAZP,0,20090111,102959,115.000000000,45
GAZP,0,20090111,102959,115.000000000,25
GAZP,0,20090111,102959,115.000000000,50
GAZP,0,20090111,102959,115.000000000,100
GAZP,0,20090111,102959,115.000000000,1000
GAZP,0,20090111,102959,115.000000000,13
GAZP,0,20090111,102959,115.000000000,50
GAZP,0,20090111,102959,115.000000000,5
GAZP,0,20090111,102959,115.000000000,20
GAZP,0,20090111,102959,115.000000000,25
GAZP,0,20090111,102959,115.000000000,100
GAZP,0,20090111,102959,115.000000000,1000
GAZP,0,20090111,102959,115.000000000,40
GAZP,0,20090111,102959,115.000000000,100
GAZP,0,20090111,102959,115.000000000,155
GAZP,0,20090111,102959,115.000000000,50
GAZP,0,20090111,102959,115.000000000,200
GAZP,0,20090111,102959,115.000000000,1406
GAZP,0,20090111,102959,115.000000000,20
GAZP,0,20090111,102959,115.000000000,3
GAZP,0,20090111,102959,115.000000000,50
GAZP,0,20090111,102959,115.000000000,100
GAZP,0,20090111,102959,115.000000000,16
GAZP,0,20090111,102959,115.000000000,200
GAZP,0,20090111,102959,115.000000000,500
GAZP,0,20090111,102959,115.000000000,2300
GAZP,0,20090111,102959,115.000000000,100
GAZP,0,20090111,102959,115.000000000,5000
GAZP,0,20090111,102959,115.000000000,200
GAZP,0,20090111,102959,115.000000000,100
GAZP,0,20090111,102959,115.000000000,20
GAZP,0,20090111,102959,115.000000000,3000
GAZP,0,20090111,102959,115.000000000,1430
GAZP,0,20090111,102959,115.000000000,500
GAZP,0,20090111,102959,115.000000000,215
GAZP,0,20090111,102959,115.000000000,300
GAZP,0,20090111,102959,115.000000000,10
GAZP,0,20090111,102959,115.000000000,1000
GAZP,0,20090111,102959,115.000000000,10
GAZP,0,20090111,102959,115.000000000,100
GAZP,0,20090111,102959,115.000000000,600
GAZP,0,20090111,102959,115.000000000,30
GAZP,0,20090111,102959,115.000000000,9400
GAZP,0,20090111,102959,115.000000000,500
GAZP,0,20090111,102959,115.000000000,240
GAZP,0,20090111,102959,115.000000000,324
GAZP,0,20090111,102959,115.000000000,220
GAZP,0,20090111,102959,115.000000000,10
GAZP,0,20090111,102959,115.000000000,3000
GAZP,0,20090111,102959,115.000000000,10
GAZP,0,20090111,102959,115.000000000,100
GAZP,0,20090111,102959,115.000000000,20
GAZP,0,20090111,102959,115.000000000,1
GAZP,0,20090111,102959,115.000000000,1
GAZP,0,20090111,102959,115.000000000,5000
GAZP,0,20090111,102959,115.000000000,290
GAZP,0,20090111,102959,115.000000000,34
GAZP,0,20090111,102959,115.000000000,1
GAZP,0,20090111,102959,115.000000000,150
GAZP,0,20090111,102959,115.000000000,60
GAZP,0,20090111,102959,115.000000000,94
GAZP,0,20090111,102959,115.000000000,1
GAZP,0,20090111,102959,115.000000000,20
GAZP,0,20090111,102959,115.000000000,300
GAZP,0,20090111,102959,115.000000000,200
GAZP,0,20090111,102959,115.000000000,200
GAZP,0,20090111,102959,115.000000000,100
GAZP,0,20090111,102959,115.000000000,10
GAZP,0,20090111,102959,115.000000000,150
GAZP,0,20090111,102959,115.000000000,50
GAZP,0,20090111,102959,115.000000000,45
GAZP,0,20090111,102959,115.000000000,50
GAZP,0,20090111,102959,115.000000000,10
GAZP,0,20090111,102959,115.000000000,50
GAZP,0,20090111,102959,115.000000000,3
GAZP,0,20090111,102959,115.000000000,2
GAZP,0,20090111,102959,115.000000000,7538
GAZP,0,20090111,102959,115.000000000,30
GAZP,0,20090111,102959,115.000000000,500
GAZP,0,20090111,102959,115.000000000,100
GAZP,0,20090111,102959,115.000000000,500
GAZP,0,20090111,102959,115.000000000,1000
GAZP,0,20090111,102959,115.000000000,100
GAZP,0,20090111,102959,115.000000000,1000
GAZP,0,20090111,102959,115.000000000,490
GAZP,0,20090111,102959,115.000000000,5
GAZP,0,20090111,102959,115.000000000,10
GAZP,0,20090111,102959,115.000000000,500
GAZP,0,20090111,102959,115.000000000,50
GAZP,0,20090111,102959,115.000000000,5
GAZP,0,20090111,102959,115.000000000,200
GAZP,0,20090111,102959,115.000000000,100
GAZP,0,20090111,102959,115.000000000,1
GAZP,0,20090111,102959,115.000000000,20
GAZP,0,20090111,102959,115.000000000,12
GAZP,0,20090111,102959,115.000000000,100
GAZP,0,20090111,102959,115.000000000,50
GAZP,0,20090111,102959,115.000000000,45
GAZP,0,20090111,102959,115.000000000,4
GAZP,0,20090111,102959,115.000000000,15
GAZP,0,20090111,102959,115.000000000,5
GAZP,0,20090111,102959,115.000000000,566
GAZP,0,20090111,102959,115.000000000,300
GAZP,0,20090111,102959,115.000000000,30
GAZP,0,20090111,102959,115.000000000,10
GAZP,0,20090111,102959,115.000000000,1
GAZP,0,20090111,102959,115.000000000,356
GAZP,0,20090111,102959,115.000000000,25
GAZP,0,20090111,102959,115.000000000,500
GAZP,0,20090111,102959,115.000000000,8000
GAZP,0,20090111,102959,115.000000000,1000
GAZP,0,20090111,102959,115.000000000,50
GAZP,0,20090111,102959,115.000000000,10
GAZP,0,20090111,102959,115.000000000,100
GAZP,0,20090111,102959,115.000000000,16
GAZP,0,20090111,102959,115.000000000,620
GAZP,0,20090111,102959,115.000000000,50
GAZP,0,20090111,102959,115.000000000,1000
GAZP,0,20090111,102959,115.000000000,200
GAZP,0,20090111,102959,115.000000000,3
GAZP,0,20090111,102959,115.000000000,5
GAZP,0,20090111,102959,115.000000000,1
GAZP,0,20090111,102959,115.000000000,6
GAZP,0,20090111,102959,115.000000000,1000
GAZP,0,20090111,102959,115.000000000,1
GAZP,0,20090111,102959,115.000000000,500
GAZP,0,20090111,102959,115.000000000,100
GAZP,0,20090111,102959,115.000000000,9200
GAZP,0,20090111,102959,115.000000000,2000
GAZP,0,20090111,102959,115.000000000,2000
GAZP,0,20090111,102959,115.000000000,50
GAZP,0,20090111,102959,115.000000000,30
GAZP,0,20090111,102959,115.000000000,1200
GAZP,0,20090111,102959,115.000000000,1
GAZP,0,20090111,102959,115.000000000,100
GAZP,0,20090111,102959,115.000000000,100
GAZP,0,20090111,102959,115.000000000,140
GAZP,0,20090111,102959,115.000000000,10
GAZP,0,20090111,102959,115.000000000,3156
GAZP,0,20090111,102959,115.000000000,260
GAZP,0,20090111,102959,115.000000000,584
GAZP,0,20090111,102959,115.000000000,390
GAZP,0,20090111,102959,115.000000000,10
GAZP,0,20090111,102959,115.000000000,300
GAZP,0,20090111,102959,115.000000000,28
GAZP,0,20090111,102959,115.000000000,288
GAZP,0,20090111,102959,115.000000000,500
GAZP,0,20090111,102959,115.000000000,10
GAZP,0,20090111,102959,115.000000000,202
GAZP,0,20090111,102959,115.000000000,20
GAZP,0,20090111,102959,115.000000000,500
GAZP,0,20090111,102959,115.000000000,2000
GAZP,0,20090111,102959,115.000000000,100
GAZP,0,20090111,102959,115.000000000,1
GAZP,0,20090111,102959,115.000000000,600
GAZP,0,20090111,102959,115.000000000,10
GAZP,0,20090111,102959,115.000000000,100
GAZP,0,20090111,102959,115.000000000,3000
GAZP,0,20090111,102959,115.000000000,300
GAZP,0,20090111,102959,115.000000000,1000
GAZP,0,20090111,102959,115.000000000,300
GAZP,0,20090111,102959,115.000000000,200
GAZP,0,20090111,102959,115.000000000,49
GAZP,0,20090111,102959,115.000000000,60
GAZP,0,20090111,102959,115.000000000,300
GAZP,0,20090111,102959,115.000000000,1600
GAZP,0,20090111,102959,115.000000000,1000
GAZP,0,20090111,102959,115.000000000,200
GAZP,0,20090111,102959,115.000000000,10
GAZP,0,20090111,102959,115.000000000,250
GAZP,0,20090111,102959,115.000000000,100
GAZP,0,20090111,102959,115.000000000,1
GAZP,0,20090111,102959,115.000000000,750
GAZP,0,20090111,102959,115.000000000,1000
GAZP,0,20090111,102959,115.000000000,1300
GAZP,0,20090111,102959,115.000000000,87
GAZP,0,20090111,102959,115.000000000,1
GAZP,0,20090111,102959,115.000000000,15
GAZP,0,20090111,102959,115.000000000,200
GAZP,0,20090111,102959,115.000000000,100
GAZP,0,20090111,102959,115.000000000,50
GAZP,0,20090111,102959,115.000000000,12
GAZP,0,20090111,102959,115.000000000,100
GAZP,0,20090111,102959,115.000000000,1
GAZP,0,20090111,102959,115.000000000,10
GAZP,0,20090111,102959,115.000000000,2000
GAZP,0,20090111,102959,115.000000000,100
GAZP,0,20090111,102959,115.000000000,1300
GAZP,0,20090111,102959,115.000000000,500
GAZP,0,20090111,102959,115.000000000,100
GAZP,0,20090111,102959,115.000000000,150
GAZP,0,20090111,102959,115.000000000,50
GAZP,0,20090111,102959,115.000000000,200
GAZP,0,20090111,102959,115.000000000,50
GAZP,0,20090111,102959,115.000000000,20
GAZP,0,20090111,102959,115.000000000,200
GAZP,0,20090111,102959,115.000000000,400
GAZP,0,20090111,102959,115.000000000,500
GAZP,0,20090111,102959,115.000000000,1000
GAZP,0,20090111,102959,115.000000000,1
GAZP,0,20090111,102959,115.000000000,100
GAZP,0,20090111,102959,115.000000000,10
GAZP,0,20090111,102959,115.000000000,697
GAZP,0,20090111,102959,115.000000000,1000
GAZP,0,20090111,102959,115.000000000,100
GAZP,0,20090111,102959,115.000000000,100
GAZP,0,20090111,102959,115.000000000,400
GAZP,0,20090111,102959,115.000000000,500
GAZP,0,20090111,102959,115.000000000,5
GAZP,0,20090111,102959,115.000000000,200
GAZP,0,20090111,102959,115.000000000,310
GAZP,0,20090111,102959,115.000000000,1
GAZP,0,20090111,102959,115.000000000,270
GAZP,0,20090111,102959,115.000000000,1
GAZP,0,20090111,102959,115.000000000,20
GAZP,0,20090111,102959,115.000000000,5000
GAZP,0,20090111,102959,115.000000000,234
GAZP,0,20090111,102959,115.000000000,30
GAZP,0,20090111,102959,115.000000000,125
GAZP,0,20090111,102959,115.000000000,99
GAZP,0,20090111,102959,115.000000000,20
GAZP,0,20090111,102959,115.000000000,3000
GAZP,0,20090111,102959,115.000000000,15
GAZP,0,20090111,102959,115.000000000,44
GAZP,0,20090111,102959,115.000000000,1
GAZP,0,20090111,102959,115.000000000,44
GAZP,0,20090111,102959,115.000000000,200
GAZP,0,20090111,102959,115.000000000,1000
GAZP,0,20090111,102959,115.000000000,1
GAZP,0,20090111,102959,115.000000000,3
GAZP,0,20090111,102959,115.000000000,100
GAZP,0,20090111,102959,115.000000000,1500
GAZP,0,20090111,102959,115.000000000,10
GAZP,0,20090111,102959,115.000000000,1500
GAZP,0,20090111,102959,115.000000000,50
GAZP,0,20090111,102959,115.000000000,1300
GAZP,0,20090111,102959,115.000000000,1000
GAZP,0,20090111,102959,115.000000000,990
GAZP,0,20090111,102959,115.000000000,463
GAZP,0,20090111,102959,115.000000000,1
GAZP,0,20090111,102959,115.000000000,500
GAZP,0,20090111,102959,115.000000000,25
GAZP,0,20090111,102959,115.000000000,100
GAZP,0,20090111,102959,115.000000000,10
GAZP,0,20090111,102959,115.000000000,73
GAZP,0,20090111,102959,115.000000000,286
GAZP,0,20090111,102959,115.000000000,1462
GAZP,0,20090111,102959,115.000000000,300
GAZP,0,20090111,102959,115.000000000,1238
GAZP,0,20090111,102959,115.000000000,7
GAZP,0,20090111,102959,115.000000000,50
GAZP,0,20090111,102959,115.000000000,57
GAZP,0,20090111,102959,115.000000000,20
GAZP,0,20090111,102959,115.000000000,3
GAZP,0,20090111,102959,115.000000000,5
GAZP,0,20090111,102959,115.000000000,100
GAZP,0,20090111,102959,115.000000000,15
GAZP,0,20090111,102959,115.000000000,100
GAZP,0,20090111,102959,115.000000000,25
GAZP,0,20090111,102959,115.000000000,1000
GAZP,0,20090111,102959,115.000000000,3000
GAZP,0,20090111,102959,115.000000000,75
GAZP,0,20090111,102959,115.000000000,500
GAZP,0,20090111,102959,115.000000000,100
GAZP,0,20090111,102959,115.000000000,1
GAZP,0,20090111,102959,115.000000000,2
GAZP,0,20090111,102959,115.000000000,1000
GAZP,0,20090111,102959,115.000000000,65
GAZP,0,20090111,102959,115.000000000,100
GAZP,0,20090111,102959,115.000000000,25
GAZP,0,20090111,102959,115.000000000,300
GAZP,0,20090111,102959,115.000000000,100
GAZP,0,20090111,102959,115.000000000,115
GAZP,0,20090111,102959,115.000000000,30
GAZP,0,20090111,102959,115.000000000,1000
GAZP,0,20090111,102959,115.000000000,1000
GAZP,0,20090111,102959,115.000000000,100
GAZP,0,20090111,102959,115.000000000,1
GAZP,0,20090111,102959,115.000000000,50
GAZP,0,20090111,102959,115.000000000,1000
GAZP,0,20090111,102959,115.000000000,30
GAZP,0,20090111,102959,115.000000000,960
GAZP,0,20090111,102959,115.000000000,9197
GAZP,0,20090111,102959,115.000000000,100
GAZP,0,20090111,102959,115.000000000,150
GAZP,0,20090111,102959,115.000000000,200
GAZP,0,20090111,102959,115.000000000,100
GAZP,0,20090111,102959,115.000000000,8500
GAZP,0,20090111,102959,115.000000000,20
GAZP,0,20090111,102959,115.000000000,10
GAZP,0,20090111,102959,115.000000000,2200
GAZP,0,20090111,102959,115.000000000,100
GAZP,0,20090111,102959,115.000000000,2480
GAZP,0,20090111,102959,115.000000000,200
GAZP,0,20090111,102959,115.000000000,10
GAZP,0,20090111,102959,115.000000000,50
GAZP,0,20090111,102959,115.000000000,5000
GAZP,0,20090111,102959,115.000000000,2350
GAZP,0,20090111,102959,115.000000000,700
GAZP,0,20090111,102959,115.000000000,1000
GAZP,0,20090111,102959,115.000000000,400
GAZP,0,20090111,102959,115.000000000,100
GAZP,0,20090111,102959,115.000000000,1600
GAZP,0,20090111,102959,115.000000000,373
GAZP,0,20090111,102959,115.000000000,5000
GAZP,0,20090111,102959,115.000000000,1000
GAZP,0,20090111,102959,115.000000000,10
GAZP,0,20090111,102959,115.000000000,670
GAZP,0,20090111,102959,115.000000000,50
GAZP,0,20090111,102959,115.000000000,400
GAZP,0,20090111,102959,115.000000000,300
GAZP,0,20090111,102959,115.000000000,60
GAZP,0,20090111,102959,115.000000000,100
GAZP,0,20090111,102959,115.000000000,100
GAZP,0,20090111,102959,115.000000000,1
GAZP,0,20090111,102959,115.000000000,1
GAZP,0,20090111,102959,115.000000000,100
GAZP,0,20090111,102959,115.000000000,50
GAZP,0,20090111,102959,115.000000000,100
GAZP,0,20090111,102959,115.000000000,900
GAZP,0,20090111,102959,115.000000000,500
GAZP,0,20090111,102959,115.000000000,20
GAZP,0,20090111,102959,115.000000000,500
GAZP,0,20090111,102959,115.000000000,35
GAZP,0,20090111,102959,115.000000000,130
GAZP,0,20090111,102959,115.000000000,50
GAZP,0,20090111,102959,115.000000000,100
GAZP,0,20090111,102959,115.000000000,500
GAZP,0,20090111,102959,115.000000000,150
GAZP,0,20090111,102959,115.000000000,10
GAZP,0,20090111,102959,115.000000000,100
GAZP,0,20090111,102959,115.000000000,200
GAZP,0,20090111,102959,115.000000000,200
GAZP,0,20090111,102959,115.000000000,2000
GAZP,0,20090111,102959,115.000000000,1000
GAZP,0,20090111,102959,115.000000000,33
GAZP,0,20090111,102959,115.000000000,40
GAZP,0,20090111,102959,115.000000000,1
GAZP,0,20090111,102959,115.000000000,5900
GAZP,0,20090111,102959,115.000000000,230
GAZP,0,20090111,102959,115.000000000,200
GAZP,0,20090111,102959,115.000000000,8000
GAZP,0,20090111,102959,115.000000000,1140
GAZP,0,20090111,102959,115.000000000,1900
GAZP,0,20090111,102959,115.000000000,270
GAZP,0,20090111,102959,115.000000000,10
GAZP,0,20090111,102959,115.000000000,50
GAZP,0,20090111,102959,115.000000000,30
GAZP,0,20090111,102959,115.000000000,115
GAZP,0,20090111,102959,115.000000000,1000
GAZP,0,20090111,102959,115.000000000,560
GAZP,0,20090111,102959,115.000000000,400
GAZP,0,20090111,102959,115.000000000,40
GAZP,0,20090111,102959,115.000000000,300
GAZP,0,20090111,102959,115.000000000,100
GAZP,0,20090111,102959,115.000000000,1000
GAZP,0,20090111,102959,115.000000000,263
GAZP,0,20090111,102959,115.000000000,1000
GAZP,0,20090111,102959,115.000000000,1000
GAZP,0,20090111,102959,115.000000000,30
GAZP,0,20090111,102959,115.000000000,150
GAZP,0,20090111,102959,115.000000000,400
GAZP,0,20090111,102959,115.000000000,1
GAZP,0,20090111,102959,115.000000000,100
GAZP,0,20090111,102959,115.000000000,3500
GAZP,0,20090111,102959,115.000000000,50
GAZP,0,20090111,102959,115.000000000,500
GAZP,0,20090111,102959,115.000000000,1
GAZP,0,20090111,102959,115.000000000,5
GAZP,0,20090111,102959,115.000000000,700
GAZP,0,20090111,102959,115.000000000,30
GAZP,0,20090111,102959,115.000000000,3
GAZP,0,20090111,102959,115.000000000,100
GAZP,0,20090111,102959,115.000000000,70
GAZP,0,20090111,102959,115.000000000,30
GAZP,0,20090111,102959,115.000000000,1000
GAZP,0,20090111,102959,115.000000000,100
GAZP,0,20090111,102959,115.000000000,200
GAZP,0,20090111,102959,115.000000000,20
GAZP,0,20090111,102959,115.000000000,500
GAZP,0,20090111,102959,115.000000000,120
GAZP,0,20090111,102959,115.000000000,10
GAZP,0,20090111,102959,115.000000000,5000
GAZP,0,20090111,102959,115.000000000,500
GAZP,0,20090111,103000,115.010000000,1
GAZP,0,20090111,103000,115.010000000,1
GAZP,0,20090111,103000,115.010000000,100
GAZP,0,20090111,103000,115.010000000,200
GAZP,0,20090111,103000,115.010000000,100
GAZP,0,20090111,103000,115.010000000,98
GAZP,0,20090111,103000,115.000000000,100
GAZP,0,20090111,103001,115.010000000,10
GAZP,0,20090111,103001,115.000000000,1847
GAZP,0,20090111,103001,115.000000000,751
GAZP,0,20090111,103001,115.000000000,100
GAZP,0,20090111,103001,115.000000000,5
GAZP,0,20090111,103001,115.000000000,25
GAZP,0,20090111,103001,115.000000000,87
GAZP,0,20090111,103001,115.000000000,913
GAZP,0,20090111,103001,115.000000000,800
GAZP,0,20090111,103001,115.000000000,787
GAZP,0,20090111,103001,115.000000000,2000
GAZP,0,20090111,103001,114.550000000,2000
GAZP,0,20090111,103001,114.500000000,300
GAZP,0,20090111,103001,114.150000000,4913
GAZP,0,20090111,103001,114.150000000,100
GAZP,0,20090111,103001,114.150000000,1000
GAZP,0,20090111,103001,114.150000000,800
GAZP,0,20090111,103001,114.150000000,100
GAZP,0,20090111,103002,114.150000000,100
GAZP,0,20090111,103002,114.150000000,500
GAZP,0,20090111,103002,114.150000000,1000
GAZP,0,20090111,103002,114.150000000,2
GAZP,0,20090111,103002,114.150000000,10
GAZP,0,20090111,103002,114.150000000,22
GAZP,0,20090111,103002,114.150000000,2
GAZP,0,20090111,103002,114.450000000,1
GAZP,0,20090111,103002,114.150000000,1000
GAZP,0,20090111,103003,114.450000000,99
GAZP,0,20090111,103003,114.470000000,10
GAZP,0,20090111,103003,114.470000000,10
GAZP,0,20090111,103003,114.470000000,10
GAZP,0,20090111,103003,114.470000000,10
GAZP,0,20090111,103003,114.470000000,10
GAZP,0,20090111,103003,114.470000000,10
GAZP,0,20090111,103003,114.500000000,189
GAZP,0,20090111,103003,114.150000000,40
GAZP,0,20090111,103003,114.150000000,100
GAZP,0,20090111,103003,114.150000000,22
GAZP,0,20090111,103003,114.500000000,8
GAZP,0,20090111,103003,114.150000000,3
GAZP,0,20090111,103003,114.150000000,3
GAZP,0,20090111,103003,114.150000000,3
GAZP,0,20090111,103003,114.500000000,103
GAZP,0,20090111,103003,114.500000000,97
GAZP,0,20090111,103003,114.150000000,50
GAZP,0,20090111,103003,114.150000000,50
GAZP,0,20090111,103003,114.500000000,203
GAZP,0,20090111,103003,114.500000000,25
GAZP,0,20090111,103003,114.530000000,500
GAZP,0,20090111,103003,114.540000000,5
GAZP,0,20090111,103003,114.540000000,5
GAZP,0,20090111,103003,114.540000000,5
GAZP,0,20090111,103003,114.540000000,5
GAZP,0,20090111,103003,114.540000000,5
GAZP,0,20090111,103003,114.540000000,5
GAZP,0,20090111,103003,114.540000000,5
GAZP,0,20090111,103003,114.540000000,5
GAZP,0,20090111,103003,114.540000000,5
GAZP,0,20090111,103003,114.540000000,5
GAZP,0,20090111,103003,114.540000000,5
GAZP,0,20090111,103003,114.540000000,5
GAZP,0,20090111,103003,114.540000000,5
GAZP,0,20090111,103003,114.540000000,5
GAZP,0,20090111,103003,114.540000000,5
GAZP,0,20090111,103003,114.540000000,5
GAZP,0,20090111,103003,114.540000000,5
GAZP,0,20090111,103003,114.540000000,5
GAZP,0,20090111,103003,114.540000000,5
GAZP,0,20090111,103003,114.540000000,5
GAZP,0,20090111,103003,114.540000000,5
GAZP,0,20090111,103003,114.540000000,5
GAZP,0,20090111,103003,114.540000000,5
GAZP,0,20090111,103003,114.540000000,5
GAZP,0,20090111,103003,114.540000000,5
GAZP,0,20090111,103003,114.540000000,5
GAZP,0,20090111,103003,114.540000000,5
GAZP,0,20090111,103003,114.540000000,5
GAZP,0,20090111,103003,114.540000000,5
GAZP,0,20090111,103003,114.540000000,5
GAZP,0,20090111,103003,114.540000000,5
GAZP,0,20090111,103003,114.540000000,5
GAZP,0,20090111,103003,114.540000000,5
GAZP,0,20090111,103003,114.540000000,5
GAZP,0,20090111,103003,114.540000000,5
GAZP,0,20090111,103003,114.540000000,5
GAZP,0,20090111,103003,114.540000000,5
GAZP,0,20090111,103003,114.540000000,5
GAZP,0,20090111,103003,114.540000000,5
GAZP,0,20090111,103003,114.540000000,5
GAZP,0,20090111,103003,114.540000000,5
GAZP,0,20090111,103003,114.540000000,5
GAZP,0,20090111,103003,114.540000000,5
GAZP,0,20090111,103003,114.540000000,5
GAZP,0,20090111,103003,114.540000000,5
GAZP,0,20090111,103003,114.540000000,5
GAZP,0,20090111,103003,114.540000000,801
GAZP,0,20090111,103003,114.150000000,50
GAZP,0,20090111,103003,114.150000000,40
GAZP,0,20090111,103003,114.150000000,10
GAZP,0,20090111,103003,114.150000000,10
GAZP,0,20090111,103003,114.150000000,50
GAZP,0,20090111,103003,114.150000000,20
GAZP,0,20090111,103003,114.150000000,60
GAZP,0,20090111,103003,114.150000000,10
GAZP,0,20090111,103003,114.150000000,540
GAZP,0,20090111,103003,114.150000000,10
GAZP,0,20090111,103003,114.150000000,10
GAZP,0,20090111,103003,114.240000000,5
GAZP,0,20090111,103003,114.290000000,5
GAZP,0,20090111,103003,114.340000000,5
GAZP,0,20090111,103003,114.390000000,5
GAZP,0,20090111,103003,114.440000000,5
GAZP,0,20090111,103003,114.450000000,375
GAZP,0,20090111,103003,114.150000000,5
GAZP,0,20090111,103003,114.150000000,5
GAZP,0,20090111,103004,114.150000000,10
GAZP,0,20090111,103004,114.150000000,10
GAZP,0,20090111,103004,114.150000000,10
GAZP,0,20090111,103004,114.150000000,10
GAZP,0,20090111,103004,114.150000000,10
GAZP,0,20090111,103004,114.150000000,12
GAZP,0,20090111,103004,114.150000000,10
GAZP,0,20090111,103004,114.150000000,10
GAZP,0,20090111,103004,114.190000000,5
GAZP,0,20090111,103004,114.450000000,625
GAZP,0,20090111,103004,114.450000000,20
GAZP,0,20090111,103004,114.470000000,10
GAZP,0,20090111,103004,114.500000000,300
GAZP,0,20090111,103004,114.540000000,1040
GAZP,0,20090111,103004,114.150000000,10
GAZP,0,20090111,103004,114.150000000,10
GAZP,0,20090111,103004,114.150000000,10
GAZP,0,20090111,103004,114.150000000,10
GAZP,0,20090111,103004,114.150000000,10
GAZP,0,20090111,103004,114.150000000,10
GAZP,0,20090111,103004,114.150000000,10
GAZP,0,20090111,103004,114.150000000,10
GAZP,0,20090111,103004,114.150000000,10
GAZP,0,20090111,103004,114.150000000,10
GAZP,0,20090111,103004,114.150000000,10
GAZP,0,20090111,103004,114.150000000,10
GAZP,0,20090111,103004,114.150000000,10
GAZP,0,20090111,103004,114.150000000,10
GAZP,0,20090111,103004,114.150000000,10
GAZP,0,20090111,103004,114.150000000,30
GAZP,0,20090111,103004,114.150000000,400
GAZP,0,20090111,103004,114.150000000,10
GAZP,0,20090111,103004,114.150000000,10
GAZP,0,20090111,103004,114.150000000,2000
GAZP,0,20090111,103004,114.150000000,100
GAZP,0,20090111,103004,114.150000000,10
GAZP,0,20090111,103004,114.150000000,10
GAZP,0,20090111,103005,114.150000000,152
GAZP,0,20090111,103005,114.150000000,10
GAZP,0,20090111,103005,114.150000000,5
GAZP,0,20090111,103005,114.150000000,15
GAZP,0,20090111,103005,114.150000000,100
GAZP,0,20090111,103005,114.150000000,500
GAZP,0,20090111,103005,114.150000000,58
GAZP,0,20090111,103005,114.180000000,5
GAZP,0,20090111,103005,114.200000000,100
GAZP,0,20090111,103005,114.300000000,26
GAZP,0,20090111,103005,114.300000000,1474
GAZP,0,20090111,103005,114.510000000,30
GAZP,0,20090111,103005,114.540000000,159
GAZP,0,20090111,103005,114.540000000,337
GAZP,0,20090111,103005,114.540000000,90
GAZP,0,20090111,103005,114.540000000,92
GAZP,0,20090111,103005,114.150000000,55
GAZP,0,20090111,103005,114.150000000,10
GAZP,0,20090111,103005,114.150000000,55
GAZP,0,20090111,103005,114.510000000,50
GAZP,0,20090111,103005,114.470000000,40
GAZP,0,20090111,103005,114.510000000,10
GAZP,0,20090111,103005,114.150000000,7598
GAZP,0,20090111,103005,114.100000000,2500
GAZP,0,20090111,103005,114.010000000,100
GAZP,0,20090111,103005,114.010000000,3627
GAZP,0,20090111,103005,114.010000000,1000
GAZP,0,20090111,103005,114.350000000,1
GAZP,0,20090111,103005,114.450000000,10
GAZP,0,20090111,103005,114.490000000,60
GAZP,0,20090111,103005,114.490000000,189
GAZP,0,20090111,103005,114.010000000,100
GAZP,0,20090111,103005,114.010000000,5
GAZP,0,20090111,103005,114.400000000,50
GAZP,0,20090111,103005,114.490000000,652
GAZP,0,20090111,103005,114.200000000,100
GAZP,0,20090111,103005,114.200000000,590
GAZP,0,20090111,103005,114.200000000,1000
GAZP,0,20090111,103005,114.200000000,300
GAZP,0,20090111,103006,114.200000000,5
GAZP,0,20090111,103006,114.200000000,5
GAZP,0,20090111,103006,114.010000000,92
GAZP,0,20090111,103006,114.350000000,1
GAZP,0,20090111,103006,114.010000000,220
GAZP,0,20090111,103006,114.010000000,30
GAZP,0,20090111,103006,114.140000000,60
GAZP,0,20090111,103006,114.140000000,30
GAZP,0,20090111,103007,114.160000000,10
GAZP,0,20090111,103007,114.160000000,25
GAZP,0,20090111,103007,114.160000000,165
GAZP,0,20090111,103007,114.140000000,35
GAZP,0,20090111,103007,114.140000000,250
GAZP,0,20090111,103007,114.140000000,200
GAZP,0,20090111,103007,114.400000000,5
GAZP,0,20090111,103007,114.490000000,159
GAZP,0,20090111,103007,114.500000000,36
GAZP,0,20090111,103008,114.140000000,150
GAZP,0,20090111,103008,114.140000000,300
GAZP,0,20090111,103008,114.140000000,20
GAZP,0,20090111,103008,114.140000000,1
GAZP,0,20090111,103008,114.140000000,1
GAZP,0,20090111,103008,114.140000000,10
GAZP,0,20090111,103008,114.140000000,10
GAZP,0,20090111,103008,114.140000000,1
GAZP,0,20090111,103008,114.140000000,10
GAZP,0,20090111,103008,114.140000000,15
GAZP,0,20090111,103008,114.140000000,15
GAZP,0,20090111,103008,114.150000000,3500
GAZP,0,20090111,103008,114.140000000,10
GAZP,0,20090111,103009,114.140000000,1000
GAZP,0,20090111,103009,114.140000000,80
GAZP,0,20090111,103009,114.140000000,100
GAZP,0,20090111,103009,114.140000000,4703
GAZP,0,20090111,103009,114.140000000,200
GAZP,0,20090111,103009,114.140000000,100
GAZP,0,20090111,103009,114.150000000,1000
GAZP,0,20090111,103009,114.150000000,5913
GAZP,0,20090111,103010,114.150000000,1000
GAZP,0,20090111,103010,114.140000000,300
GAZP,0,20090111,103010,114.140000000,10
GAZP,0,20090111,103010,114.150000000,3000
GAZP,0,20090111,103010,114.140000000,5
GAZP,0,20090111,103010,114.150000000,100
GAZP,0,20090111,103010,114.150000000,190
GAZP,0,20090111,103010,114.150000000,1906
GAZP,0,20090111,103011,114.170000000,5
GAZP,0,20090111,103011,114.170000000,5
GAZP,0,20090111,103011,114.170000000,1584
GAZP,0,20090111,103011,114.150000000,1261
GAZP,0,20090111,103011,114.150000000,500
GAZP,0,20090111,103011,114.150000000,150
GAZP,0,20090111,103011,114.290000000,50
GAZP,0,20090111,103012,114.150000000,4285
GAZP,0,20090111,103012,114.140000000,715
GAZP,0,20090111,103012,114.290000000,46
GAZP,0,20090111,103012,114.350000000,150
GAZP,0,20090111,103012,114.350000000,104
GAZP,0,20090111,103012,114.200000000,2500
GAZP,0,20090111,103012,114.150000000,5000
GAZP,0,20090111,103012,114.140000000,1569
GAZP,0,20090111,103012,114.010000000,2331
GAZP,0,20090111,103012,114.010000000,100
GAZP,0,20090111,103012,114.010000000,140
GAZP,0,20090111,103013,114.350000000,46
GAZP,0,20090111,103013,114.400000000,98
GAZP,0,20090111,103013,114.500000000,156
GAZP,0,20090111,103013,114.010000000,19
GAZP,0,20090111,103013,114.140000000,100
GAZP,0,20090111,103013,114.010000000,900
GAZP,0,20090111,103013,114.010000000,80
GAZP,0,20090111,103013,114.010000000,1156
GAZP,0,20090111,103013,114.010000000,344
GAZP,0,20090111,103013,114.010000000,500
GAZP,0,20090111,103013,114.500000000,5
GAZP,0,20090111,103013,114.400000000,100
GAZP,0,20090111,103013,114.500000000,3
GAZP,0,20090111,103013,114.500000000,72
GAZP,0,20090111,103014,114.010000000,11000
GAZP,0,20090111,103014,114.500000000,928
GAZP,0,20090111,103014,114.510000000,940
GAZP,0,20090111,103014,114.520000000,20
GAZP,0,20090111,103014,114.520000000,412
GAZP,0,20090111,103014,114.150000000,100
GAZP,0,20090111,103014,114.150000000,48
GAZP,0,20090111,103014,114.150000000,52
GAZP,0,20090111,103014,114.010000000,148
GAZP,0,20090111,103015,114.010000000,40
GAZP,0,20090111,103015,114.010000000,7968
GAZP,0,20090111,103015,114.010000000,100
GAZP,0,20090111,103015,114.000000000,200
GAZP,0,20090111,103015,114.000000000,16732
GAZP,0,20090111,103015,114.060000000,2170
GAZP,0,20090111,103015,114.060000000,700
GAZP,0,20090111,103015,114.060000000,165
GAZP,0,20090111,103015,114.180000000,50
GAZP,0,20090111,103015,114.070000000,50
GAZP,0,20090111,103015,114.070000000,100
GAZP,0,20090111,103015,114.070000000,1000
GAZP,0,20090111,103015,114.070000000,200
GAZP,0,20090111,103015,114.070000000,2150
GAZP,0,20090111,103015,114.060000000,6850
GAZP,0,20090111,103015,114.060000000,75
GAZP,0,20090111,103015,114.060000000,10
GAZP,0,20090111,103016,114.060000000,200
GAZP,0,20090111,103016,114.060000000,310
GAZP,0,20090111,103016,114.060000000,100
GAZP,0,20090111,103016,114.060000000,2
GAZP,0,20090111,103016,114.060000000,300
GAZP,0,20090111,103016,114.030000000,20
GAZP,0,20090111,103017,114.030000000,330
GAZP,0,20090111,103017,114.030000000,10
GAZP,0,20090111,103017,114.030000000,1000
GAZP,0,20090111,103017,114.150000000,1
GAZP,0,20090111,103017,114.200000000,99
GAZP,0,20090111,103017,114.030000000,50
GAZP,0,20090111,103018,114.200000000,1
GAZP,0,20090111,103018,114.400000000,100
GAZP,0,20090111,103018,114.480000000,1749
GAZP,0,20090111,103018,114.070000000,5000
GAZP,0,20090111,103018,114.030000000,131
GAZP,0,20090111,103018,114.030000000,200
GAZP,0,20090111,103018,114.460000000,1000
GAZP,0,20090111,103018,114.030000000,319
GAZP,0,20090111,103018,114.080000000,200
GAZP,0,20090111,103018,114.030000000,50
GAZP,0,20090111,103018,114.030000000,2890
GAZP,0,20090111,103018,114.010000000,5110
GAZP,0,20090111,103018,114.010000000,200
GAZP,0,20090111,103018,114.010000000,1000
GAZP,0,20090111,103019,114.150000000,16
GAZP,0,20090111,103019,114.120000000,3008
GAZP,0,20090111,103019,114.040000000,3000
GAZP,0,20090111,103019,114.010000000,3688
GAZP,0,20090111,103019,114.000000000,22224
GAZP,0,20090111,103019,114.000000000,20
GAZP,0,20090111,103019,114.150000000,484
GAZP,0,20090111,103019,114.450000000,16
GAZP,0,20090111,103020,114.000000000,310
GAZP,0,20090111,103020,114.000000000,50
GAZP,0,20090111,103020,114.000000000,6000
GAZP,0,20090111,103020,114.000000000,1000
GAZP,0,20090111,103020,114.000000000,150
GAZP,0,20090111,103020,114.000000000,480
GAZP,0,20090111,103020,114.000000000,144
GAZP,0,20090111,103020,114.000000000,1000
GAZP,0,20090111,103020,114.000000000,10882
GAZP,0,20090111,103021,114.000000000,5000
GAZP,0,20090111,103021,114.000000000,20
GAZP,0,20090111,103021,114.000000000,100
GAZP,0,20090111,103021,114.000000000,2500
GAZP,0,20090111,103021,114.000000000,450
GAZP,0,20090111,103021,114.000000000,1500
GAZP,0,20090111,103022,114.140000000,1000
GAZP,0,20090111,103022,114.140000000,1899
GAZP,0,20090111,103022,114.010000000,16
GAZP,0,20090111,103022,114.000000000,24281
GAZP,0,20090111,103022,114.000000000,7157
GAZP,0,20090111,103022,114.000000000,1843
GAZP,0,20090111,103022,114.000000000,700
GAZP,0,20090111,103022,114.000000000,2
GAZP,0,20090111,103022,114.000000000,455
GAZP,0,20090111,103022,114.000000000,444
GAZP,0,20090111,103022,114.000000000,200
GAZP,0,20090111,103022,114.000000000,330
GAZP,0,20090111,103022,113.800000000,15
GAZP,0,20090111,103022,113.800000000,20
GAZP,0,20090111,103022,113.800000000,35
GAZP,0,20090111,103023,113.800000000,1000
GAZP,0,20090111,103023,113.800000000,1030
GAZP,0,20090111,103023,113.800000000,100
GAZP,0,20090111,103023,114.000000000,1571
GAZP,0,20090111,103023,114.000000000,20
GAZP,0,20090111,103023,114.010000000,76
GAZP,0,20090111,103023,114.010000000,100
GAZP,0,20090111,103023,114.010000000,1233
GAZP,0,20090111,103023,113.800000000,2800
GAZP,0,20090111,103023,113.770000000,1200
GAZP,0,20090111,103023,113.770000000,50
GAZP,0,20090111,103023,113.770000000,100
GAZP,0,20090111,103023,114.000000000,500
GAZP,0,20090111,103023,114.000000000,50
GAZP,0,20090111,103024,113.770000000,500
GAZP,0,20090111,103024,113.770000000,300
GAZP,0,20090111,103025,113.770000000,37
GAZP,0,20090111,103025,113.770000000,10000
GAZP,0,20090111,103025,113.770000000,800
GAZP,0,20090111,103025,113.770000000,1500
GAZP,0,20090111,103025,113.990000000,750
GAZP,0,20090111,103025,113.770000000,5235
GAZP,0,20090111,103025,113.770000000,100
GAZP,0,20090111,103025,113.770000000,100
GAZP,0,20090111,103025,113.770000000,100
GAZP,0,20090111,103025,113.990000000,74
GAZP,0,20090111,103026,113.770000000,10
GAZP,0,20090111,103026,113.770000000,761
GAZP,0,20090111,103026,113.600000000,3039
GAZP,0,20090111,103026,113.600000000,7
GAZP,0,20090111,103026,113.600000000,30
GAZP,0,20090111,103026,113.990000000,10
GAZP,0,20090111,103026,113.600000000,160
GAZP,0,20090111,103027,113.600000000,200
GAZP,0,20090111,103027,113.600000000,500
GAZP,0,20090111,103028,113.630000000,33
GAZP,0,20090111,103028,113.960000000,17
GAZP,0,20090111,103028,113.600000000,292
GAZP,0,20090111,103028,113.600000000,100
GAZP,0,20090111,103028,113.600000000,200
GAZP,0,20090111,103028,113.600000000,472
GAZP,0,20090111,103028,113.550000000,5
GAZP,0,20090111,103028,113.500000000,523
GAZP,0,20090111,103029,113.510000000,100
GAZP,0,20090111,103029,113.500000000,565
GAZP,0,20090111,103029,113.500000000,500
GAZP,0,20090111,103029,113.960000000,100
GAZP,0,20090111,103029,113.930000000,200
GAZP,0,20090111,103029,113.500000000,912
GAZP,0,20090111,103029,113.500000000,100
GAZP,0,20090111,103029,113.500000000,1000
GAZP,0,20090111,103029,113.500000000,400
GAZP,0,20090111,103029,113.400000000,228
GAZP,0,20090111,103029,113.400000000,300
GAZP,0,20090111,103029,113.400000000,472
GAZP,0,20090111,103029,113.400000000,10
GAZP,0,20090111,103029,113.400000000,1
GAZP,0,20090111,103029,113.400000000,1
GAZP,0,20090111,103029,113.400000000,40
GAZP,0,20090111,103029,113.400000000,40
GAZP,0,20090111,103029,113.400000000,436
GAZP,0,20090111,103029,113.400000000,800
GAZP,0,20090111,103029,113.400000000,80
GAZP,0,20090111,103029,113.400000000,100
GAZP,0,20090111,103029,113.400000000,60
GAZP,0,20090111,103030,113.960000000,850
GAZP,0,20090111,103030,113.400000000,2670
GAZP,0,20090111,103030,113.400000000,854
GAZP,0,20090111,103030,113.370000000,250
GAZP,0,20090111,103030,113.360000000,5
GAZP,0,20090111,103030,113.220000000,8891
GAZP,0,20090111,103030,113.220000000,527
GAZP,0,20090111,103030,113.490000000,100
GAZP,0,20090111,103030,113.600000000,900
GAZP,0,20090111,103031,113.220000000,382
GAZP,0,20090111,103031,113.210000000,300
GAZP,0,20090111,103031,113.210000000,1000
GAZP,0,20090111,103031,113.210000000,100
GAZP,0,20090111,103031,113.200000000,218
GAZP,0,20090111,103031,113.410000000,10
GAZP,0,20090111,103031,113.200000000,32
GAZP,0,20090111,103031,113.200000000,178
GAZP,0,20090111,103031,113.200000000,380
GAZP,0,20090111,103031,113.200000000,193
GAZP,0,20090111,103032,113.200000000,4549
GAZP,0,20090111,103032,113.200000000,277
GAZP,0,20090111,103032,113.500000000,20
GAZP,0,20090111,103032,113.500000000,380
GAZP,0,20090111,103032,113.600000000,100
GAZP,0,20090111,103032,113.800000000,100
GAZP,0,20090111,103032,113.880000000,3170
GAZP,0,20090111,103032,113.600000000,7
GAZP,0,20090111,103032,113.880000000,429
GAZP,0,20090111,103032,113.880000000,1401
GAZP,0,20090111,103032,113.920000000,1145
GAZP,0,20090111,103032,113.200000000,90
GAZP,0,20090111,103032,113.200000000,500
GAZP,0,20090111,103032,113.780000000,8
GAZP,0,20090111,103032,113.200000000,100
GAZP,0,20090111,103033,113.230000000,11
GAZP,0,20090111,103033,113.230000000,989
GAZP,0,20090111,103033,113.210000000,10
GAZP,0,20090111,103033,113.210000000,229
GAZP,0,20090111,103033,113.210000000,100
GAZP,0,20090111,103033,113.210000000,141
GAZP,0,20090111,103033,113.200000000,359
GAZP,0,20090111,103033,113.500000000,750
GAZP,0,20090111,103033,113.200000000,3674
GAZP,0,20090111,103033,113.200000000,200
GAZP,0,20090111,103033,113.180000000,100
GAZP,0,20090111,103033,113.150000000,1026
GAZP,0,20090111,103034,113.150000000,3000
GAZP,0,20090111,103034,113.150000000,600
GAZP,0,20090111,103034,113.150000000,200
GAZP,0,20090111,103034,113.150000000,1000
GAZP,0,20090111,103034,113.500000000,50
GAZP,0,20090111,103034,113.150000000,8
GAZP,0,20090111,103034,113.150000000,50
GAZP,0,20090111,103035,113.250000000,500
GAZP,0,20090111,103035,113.250000000,700
GAZP,0,20090111,103035,113.250000000,300
GAZP,0,20090111,103036,113.250000000,20
GAZP,0,20090111,103036,113.250000000,10
GAZP,0,20090111,103036,113.250000000,500
GAZP,0,20090111,103036,113.250000000,111
GAZP,0,20090111,103037,113.230000000,4000
GAZP,0,20090111,103037,113.200000000,100
GAZP,0,20090111,103037,113.150000000,7900
GAZP,0,20090111,103037,113.370000000,300
GAZP,0,20090111,103037,113.490000000,229
GAZP,0,20090111,103037,113.500000000,471
GAZP,0,20090111,103037,113.150000000,500
GAZP,0,20090111,103037,113.150000000,100
GAZP,0,20090111,103037,113.360000000,1111
GAZP,0,20090111,103037,113.150000000,100
GAZP,0,20090111,103037,113.150000000,200
GAZP,0,20090111,103037,113.150000000,170
GAZP,0,20090111,103038,113.150000000,415
GAZP,0,20090111,103038,113.250000000,10
GAZP,0,20090111,103038,113.500000000,281
GAZP,0,20090111,103038,113.250000000,90
GAZP,0,20090111,103038,113.150000000,410
GAZP,0,20090111,103039,113.180000000,1000
GAZP,0,20090111,103039,113.180000000,1200
GAZP,0,20090111,103039,113.180000000,1300
GAZP,0,20090111,103039,113.150000000,200
GAZP,0,20090111,103039,113.170000000,1000
GAZP,0,20090111,103039,113.170000000,15
GAZP,0,20090111,103039,113.170000000,300
GAZP,0,20090111,103039,113.360000000,50
GAZP,0,20090111,103040,113.170000000,300
GAZP,0,20090111,103040,113.360000000,250
GAZP,0,20090111,103040,113.370000000,50
GAZP,0,20090111,103040,113.170000000,2000
GAZP,0,20090111,103041,113.170000000,1000
GAZP,0,20090111,103042,113.200000000,1000
GAZP,0,20090111,103042,113.150000000,5000
GAZP,0,20090111,103042,113.150000000,45
GAZP,0,20090111,103042,113.150000000,60
GAZP,0,20090111,103042,113.220000000,200
GAZP,0,20090111,103042,113.350000000,10
GAZP,0,20090111,103042,113.370000000,150
GAZP,0,20090111,103042,113.400000000,1
GAZP,0,20090111,103042,113.450000000,339
GAZP,0,20090111,103042,113.150000000,50
GAZP,0,20090111,103043,113.170000000,100
GAZP,0,20090111,103043,113.150000000,10
GAZP,0,20090111,103043,113.170000000,10
GAZP,0,20090111,103043,113.450000000,1020
GAZP,0,20090111,103043,113.150000000,5
GAZP,0,20090111,103044,113.150000000,100
GAZP,0,20090111,103044,113.150000000,1
GAZP,0,20090111,103044,113.150000000,850
GAZP,0,20090111,103044,113.150000000,1000
GAZP,0,20090111,103044,113.130000000,275
GAZP,0,20090111,103044,113.120000000,1
GAZP,0,20090111,103044,113.120000000,1
GAZP,0,20090111,103044,113.120000000,873
GAZP,0,20090111,103045,113.150000000,95
GAZP,0,20090111,103045,113.150000000,5
GAZP,0,20090111,103045,113.120000000,1027
GAZP,0,20090111,103045,113.120000000,4881
GAZP,0,20090111,103045,113.170000000,500
GAZP,0,20090111,103046,113.120000000,136
GAZP,0,20090111,103046,113.150000000,10
GAZP,0,20090111,103046,113.120000000,60
GAZP,0,20090111,103046,113.120000000,345
GAZP,0,20090111,103046,113.150000000,80
GAZP,0,20090111,103046,113.150000000,300
GAZP,0,20090111,103046,113.170000000,100
GAZP,0,20090111,103046,113.170000000,700
GAZP,0,20090111,103046,113.200000000,47
GAZP,0,20090111,103046,113.200000000,50
GAZP,0,20090111,103046,113.250000000,111
GAZP,0,20090111,103046,113.400000000,1682
GAZP,0,20090111,103047,113.120000000,1500
GAZP,0,20090111,103047,113.390000000,150
GAZP,0,20090111,103047,113.120000000,280
GAZP,0,20090111,103047,113.120000000,798
GAZP,0,20090111,103048,113.090000000,100
GAZP,0,20090111,103048,113.050000000,100
GAZP,0,20090111,103048,113.050000000,100
GAZP,0,20090111,103048,113.030000000,100
GAZP,0,20090111,103048,113.030000000,80
GAZP,0,20090111,103048,113.030000000,32
GAZP,0,20090111,103048,113.010000000,688
GAZP,0,20090111,103048,113.010000000,10
GAZP,0,20090111,103048,113.010000000,802
GAZP,0,20090111,103048,113.010000000,98
GAZP,0,20090111,103048,113.010000000,902
GAZP,0,20090111,103048,113.010000000,898
GAZP,0,20090111,103048,113.010000000,500
GAZP,0,20090111,103048,113.100000000,2000
GAZP,0,20090111,103048,113.100000000,90
GAZP,0,20090111,103048,113.010000000,184
GAZP,0,20090111,103049,113.100000000,410
GAZP,0,20090111,103049,113.100000000,90
GAZP,0,20090111,103049,113.100000000,10
GAZP,0,20090111,103049,113.120000000,1202
GAZP,0,20090111,103049,113.150000000,1788
GAZP,0,20090111,103049,113.010000000,2500
GAZP,0,20090111,103049,113.010000000,2600
GAZP,0,20090111,103049,113.150000000,82
GAZP,0,20090111,103049,113.150000000,918
GAZP,0,20090111,103049,113.010000000,248
GAZP,0,20090111,103049,113.010000000,3070
GAZP,0,20090111,103049,113.010000000,1000
GAZP,0,20090111,103049,113.010000000,100
GAZP,0,20090111,103049,113.010000000,100
GAZP,0,20090111,103049,113.010000000,1000
GAZP,0,20090111,103049,113.010000000,1
GAZP,0,20090111,103049,113.000000000,200
GAZP,0,20090111,103049,113.000000000,100
GAZP,0,20090111,103049,113.000000000,4429
GAZP,0,20090111,103049,113.000000000,200
GAZP,0,20090111,103049,113.000000000,400
GAZP,0,20090111,103049,113.000000000,5000
GAZP,0,20090111,103050,113.000000000,5
GAZP,0,20090111,103050,113.000000000,70
GAZP,0,20090111,103050,113.000000000,206
GAZP,0,20090111,103050,113.000000000,2000
GAZP,0,20090111,103050,113.170000000,10
GAZP,0,20090111,103050,113.200000000,50
GAZP,0,20090111,103050,113.250000000,40
GAZP,0,20090111,103050,113.000000000,100
GAZP,0,20090111,103050,113.000000000,50
GAZP,0,20090111,103050,113.000000000,400
GAZP,0,20090111,103051,113.000000000,26
GAZP,0,20090111,103051,113.000000000,350
GAZP,0,20090111,103051,113.000000000,1000
GAZP,0,20090111,103051,113.030000000,301
GAZP,0,20090111,103051,113.000000000,416
GAZP,0,20090111,103051,113.000000000,799
GAZP,0,20090111,103051,113.000000000,1000
GAZP,0,20090111,103051,113.000000000,9998
GAZP,0,20090111,103051,113.000000000,7
GAZP,0,20090111,103051,113.000000000,400
GAZP,0,20090111,103051,113.000000000,350
GAZP,0,20090111,103052,113.000000000,100
GAZP,0,20090111,103052,113.000000000,1512
GAZP,0,20090111,103052,113.000000000,200
GAZP,0,20090111,103052,113.000000000,900
GAZP,0,20090111,103052,113.000000000,1000
GAZP,0,20090111,103052,113.000000000,7500
GAZP,0,20090111,103052,113.000000000,98
GAZP,0,20090111,103052,113.000000000,100
GAZP,0,20090111,103052,113.000000000,1000
GAZP,0,20090111,103052,113.000000000,100
GAZP,0,20090111,103052,113.010000000,25
GAZP,0,20090111,103052,113.060000000,10
GAZP,0,20090111,103052,113.100000000,300
GAZP,0,20090111,103052,113.120000000,2000
GAZP,0,20090111,103052,113.000000000,700
GAZP,0,20090111,103052,113.000000000,2000
GAZP,0,20090111,103052,113.000000000,2933
GAZP,0,20090111,103053,113.000000000,1881
GAZP,0,20090111,103053,113.000000000,3000
GAZP,0,20090111,103053,113.000000000,1000
GAZP,0,20090111,103053,113.000000000,5000
GAZP,0,20090111,103053,113.000000000,1000
GAZP,0,20090111,103053,113.000000000,1000
GAZP,0,20090111,103053,113.000000000,100
GAZP,0,20090111,103053,113.000000000,4150
GAZP,0,20090111,103053,113.000000000,15000
GAZP,0,20090111,103053,113.000000000,10
GAZP,0,20090111,103053,113.000000000,10
GAZP,0,20090111,103053,113.000000000,20
GAZP,0,20090111,103054,113.030000000,100
GAZP,0,20090111,103054,113.000000000,1600
GAZP,0,20090111,103054,113.000000000,60
GAZP,0,20090111,103054,113.000000000,6442
GAZP,0,20090111,103054,113.010000000,100
GAZP,0,20090111,103054,113.000000000,14378
GAZP,0,20090111,103054,113.000000000,100
GAZP,0,20090111,103054,113.000000000,522
GAZP,0,20090111,103054,113.000000000,1000
GAZP,0,20090111,103054,113.000000000,100
GAZP,0,20090111,103054,113.010000000,52
GAZP,0,20090111,103054,113.000000000,300
GAZP,0,20090111,103054,113.000000000,20
GAZP,0,20090111,103054,113.000000000,58
GAZP,0,20090111,103054,113.000000000,142
GAZP,0,20090111,103054,113.000000000,9000
GAZP,0,20090111,103054,113.000000000,858
GAZP,0,20090111,103054,113.000000000,26
GAZP,0,20090111,103054,113.000000000,80
GAZP,0,20090111,103054,113.000000000,2500
GAZP,0,20090111,103054,113.000000000,200
GAZP,0,20090111,103054,113.000000000,736
GAZP,0,20090111,103054,113.000000000,1000
GAZP,0,20090111,103055,113.000000000,8264
GAZP,0,20090111,103055,113.000000000,350
GAZP,0,20090111,103055,113.000000000,1000
GAZP,0,20090111,103055,113.000000000,700
GAZP,0,20090111,103055,113.000000000,7000
GAZP,0,20090111,103055,113.000000000,130
GAZP,0,20090111,103055,113.000000000,2556
GAZP,0,20090111,103055,113.000000000,2444
GAZP,0,20090111,103055,113.000000000,350
GAZP,0,20090111,103055,113.000000000,441
GAZP,0,20090111,103055,113.000000000,5000
GAZP,0,20090111,103055,113.000000000,100
GAZP,0,20090111,103055,112.990000000,5
GAZP,0,20090111,103055,112.990000000,200
GAZP,0,20090111,103055,112.990000000,95
GAZP,0,20090111,103055,112.990000000,900
GAZP,0,20090111,103055,112.990000000,300
GAZP,0,20090111,103055,112.990000000,50
GAZP,0,20090111,103055,112.990000000,55
GAZP,0,20090111,103055,112.990000000,100
GAZP,0,20090111,103055,112.990000000,50
GAZP,0,20090111,103055,112.800000000,50
GAZP,0,20090111,103055,112.800000000,745
GAZP,0,20090111,103055,112.800000000,255
GAZP,0,20090111,103055,112.800000000,400
GAZP,0,20090111,103055,112.700000000,180
GAZP,0,20090111,103055,112.670000000,1000
GAZP,0,20090111,103055,112.600000000,30
GAZP,0,20090111,103055,112.560000000,50
GAZP,0,20090111,103055,112.520000000,85
GAZP,0,20090111,103055,112.520000000,500
GAZP,0,20090111,103055,112.520000000,20
GAZP,0,20090111,103056,112.690000000,10
GAZP,0,20090111,103056,112.690000000,3490
GAZP,0,20090111,103056,112.520000000,2510
GAZP,0,20090111,103056,112.920000000,70
GAZP,0,20090111,103056,112.990000000,790
GAZP,0,20090111,103056,112.990000000,400
GAZP,0,20090111,103056,112.990000000,30
GAZP,0,20090111,103056,112.520000000,1000
GAZP,0,20090111,103056,112.990000000,3000
GAZP,0,20090111,103056,112.520000000,3200
GAZP,0,20090111,103056,112.520000000,25
GAZP,0,20090111,103056,112.990000000,10
GAZP,0,20090111,103057,112.520000000,100
GAZP,0,20090111,103057,112.700000000,333
GAZP,0,20090111,103057,112.520000000,168
GAZP,0,20090111,103057,112.700000000,80
GAZP,0,20090111,103058,112.550000000,100
GAZP,0,20090111,103058,112.550000000,3000
GAZP,0,20090111,103058,112.650000000,100
GAZP,0,20090111,103058,112.700000000,400
GAZP,0,20090111,103058,112.550000000,100
GAZP,0,20090111,103059,112.700000000,50
GAZP,0,20090111,103059,112.550000000,100
GAZP,0,20090111,103059,112.550000000,10
GAZP,0,20090111,103059,112.550000000,190
GAZP,0,20090111,103059,112.520000000,310
GAZP,0,20090111,103059,112.520000000,100
GAZP,0,20090111,103059,112.700000000,2
GAZP,0,20090111,103059,112.520000000,100
GAZP,0,20090111,103059,112.520000000,1682
GAZP,0,20090111,103059,112.510000000,1318
GAZP,0,20090111,103059,112.510000000,100
GAZP,0,20090111,103059,112.700000000,5246
GAZP,0,20090111,103059,112.970000000,2000
GAZP,0,20090111,103059,112.970000000,1000
GAZP,0,20090111,103059,112.980000000,241
GAZP,0,20090111,103059,112.980000000,1513
GAZP,0,20090111,103059,112.570000000,100
GAZP,0,20090111,103100,112.570000000,1000
GAZP,0,20090111,103100,112.570000000,100
GAZP,0,20090111,103100,112.570000000,500
GAZP,0,20090111,103100,112.570000000,100
GAZP,0,20090111,103100,112.570000000,200
GAZP,0,20090111,103100,112.570000000,50
GAZP,0,20090111,103101,112.570000000,100
GAZP,0,20090111,103101,112.570000000,100
GAZP,0,20090111,103102,112.700000000,20
GAZP,0,20090111,103102,112.600000000,1
GAZP,0,20090111,103102,112.580000000,19
GAZP,0,20090111,103103,112.950000000,100
GAZP,0,20090111,103104,112.580000000,451
GAZP,0,20090111,103104,112.580000000,49
GAZP,0,20090111,103104,112.580000000,151
GAZP,0,20090111,103104,112.570000000,650
GAZP,0,20090111,103104,112.570000000,600
GAZP,0,20090111,103104,112.570000000,3000
GAZP,0,20090111,103104,112.510000000,3400
GAZP,0,20090111,103104,112.510000000,10
GAZP,0,20090111,103104,112.590000000,5
GAZP,0,20090111,103104,112.510000000,172
GAZP,0,20090111,103104,112.510000000,40
GAZP,0,20090111,103104,112.510000000,100
GAZP,0,20090111,103104,112.500000000,523
GAZP,0,20090111,103105,112.500000000,500
GAZP,0,20090111,103105,112.500000000,977
GAZP,0,20090111,103105,112.500000000,500
GAZP,0,20090111,103105,112.500000000,2320
GAZP,0,20090111,103105,112.500000000,100
GAZP,0,20090111,103105,112.500000000,2103
GAZP,0,20090111,103105,112.520000000,2
GAZP,0,20090111,103106,112.500000000,100
GAZP,0,20090111,103106,112.500000000,200
GAZP,0,20090111,103106,112.500000000,550
GAZP,0,20090111,103106,112.520000000,1082
GAZP,0,20090111,103106,112.600000000,200
GAZP,0,20090111,103107,112.900000000,400
GAZP,0,20090111,103107,112.910000000,1600
GAZP,0,20090111,103107,112.600000000,718
GAZP,0,20090111,103107,112.520000000,5
GAZP,0,20090111,103107,112.500000000,127
GAZP,0,20090111,103107,112.500000000,83
GAZP,0,20090111,103107,112.500000000,760
GAZP,0,20090111,103107,112.500000000,157
GAZP,0,20090111,103107,112.860000000,100
GAZP,0,20090111,103107,112.860000000,1400
GAZP,0,20090111,103107,112.500000000,43
GAZP,0,20090111,103107,112.500000000,57
GAZP,0,20090111,103108,112.860000000,10
GAZP,0,20090111,103108,112.620000000,1000
GAZP,0,20090111,103108,112.620000000,100
GAZP,0,20090111,103109,112.620000000,300
GAZP,0,20090111,103109,112.620000000,1260
GAZP,0,20090111,103109,112.710000000,13
GAZP,0,20090111,103109,112.620000000,840
GAZP,0,20090111,103109,112.610000000,48
GAZP,0,20090111,103109,112.860000000,700
GAZP,0,20090111,103109,112.610000000,352
GAZP,0,20090111,103109,112.510000000,648
GAZP,0,20090111,103109,112.510000000,9352
GAZP,0,20090111,103109,112.510000000,100
GAZP,0,20090111,103109,112.500000000,43
GAZP,0,20090111,103109,112.500000000,400
GAZP,0,20090111,103109,112.500000000,50
GAZP,0,20090111,103109,112.500000000,500
GAZP,0,20090111,103109,112.500000000,200
GAZP,0,20090111,103109,112.340000000,1355
GAZP,0,20090111,103110,112.340000000,100
GAZP,0,20090111,103110,112.450000000,200
GAZP,0,20090111,103110,112.450000000,500
GAZP,0,20090111,103111,112.450000000,150
GAZP,0,20090111,103111,112.340000000,50
GAZP,0,20090111,103112,112.340000000,1
GAZP,0,20090111,103112,112.340000000,15
GAZP,0,20090111,103112,112.340000000,982
GAZP,0,20090111,103112,112.340000000,2000
GAZP,0,20090111,103112,112.340000000,70
GAZP,0,20090111,103112,112.340000000,1538
GAZP,0,20090111,103112,112.330000000,1000
GAZP,0,20090111,103112,112.250000000,62
GAZP,0,20090111,103112,112.250000000,138
GAZP,0,20090111,103112,112.250000000,92
GAZP,0,20090111,103113,112.450000000,50
GAZP,0,20090111,103113,112.450000000,1
GAZP,0,20090111,103113,112.440000000,200
GAZP,0,20090111,103114,112.440000000,226
GAZP,0,20090111,103114,112.440000000,470
GAZP,0,20090111,103114,112.450000000,100
GAZP,0,20090111,103114,112.440000000,330
GAZP,0,20090111,103114,112.440000000,174
GAZP,0,20090111,103114,112.380000000,76
GAZP,0,20090111,103114,112.380000000,24
GAZP,0,20090111,103114,112.340000000,100
GAZP,0,20090111,103114,112.250000000,276
GAZP,0,20090111,103114,112.250000000,60
GAZP,0,20090111,103116,112.360000000,150
GAZP,0,20090111,103116,112.410000000,234
GAZP,0,20090111,103116,112.410000000,150
GAZP,0,20090111,103116,112.410000000,1000
GAZP,0,20090111,103116,112.410000000,1734
GAZP,0,20090111,103117,112.410000000,1732
GAZP,0,20090111,103117,112.250000000,4664
GAZP,0,20090111,103117,112.250000000,20
GAZP,0,20090111,103117,112.250000000,300
GAZP,0,20090111,103117,112.220000000,1500
GAZP,0,20090111,103117,112.220000000,9800
GAZP,0,20090111,103117,112.210000000,5000
GAZP,0,20090111,103117,112.200000000,3000
GAZP,0,20090111,103117,112.170000000,134
GAZP,0,20090111,103117,112.170000000,66
GAZP,0,20090111,103117,112.170000000,4
GAZP,0,20090111,103117,112.170000000,1430
GAZP,0,20090111,103117,112.330000000,1
GAZP,0,20090111,103117,112.450000000,49
GAZP,0,20090111,103117,112.170000000,566
GAZP,0,20090111,103117,112.160000000,434
GAZP,0,20090111,103118,112.160000000,30
GAZP,0,20090111,103118,112.160000000,1315
GAZP,0,20090111,103118,112.400000000,92
GAZP,0,20090111,103118,112.440000000,8
GAZP,0,20090111,103118,112.160000000,150
GAZP,0,20090111,103119,112.180000000,415
GAZP,0,20090111,103119,112.160000000,8071
GAZP,0,20090111,103119,112.150000000,1514
GAZP,0,20090111,103119,112.150000000,500
GAZP,0,20090111,103119,112.150000000,40
GAZP,0,20090111,103119,112.150000000,1500
GAZP,0,20090111,103119,112.150000000,1000
GAZP,0,20090111,103120,112.150000000,17446
GAZP,0,20090111,103120,112.150000000,89
GAZP,0,20090111,103120,112.110000000,350
GAZP,0,20090111,103120,112.110000000,100
GAZP,0,20090111,103120,112.100000000,10
GAZP,0,20090111,103120,112.100000000,300
GAZP,0,20090111,103120,112.100000000,5
GAZP,0,20090111,103120,112.100000000,200
GAZP,0,20090111,103120,112.100000000,300
GAZP,0,20090111,103120,112.100000000,2000
GAZP,0,20090111,103120,112.070000000,100
GAZP,0,20090111,103120,112.070000000,20
GAZP,0,20090111,103120,112.060000000,300
GAZP,0,20090111,103120,112.050000000,37
GAZP,0,20090111,103120,112.010000000,50
GAZP,0,20090111,103120,112.010000000,10
GAZP,0,20090111,103120,112.010000000,3
GAZP,0,20090111,103120,112.010000000,91
GAZP,0,20090111,103120,112.010000000,2
GAZP,0,20090111,103120,112.010000000,1
GAZP,0,20090111,103120,112.010000000,30
GAZP,0,20090111,103120,112.000000000,20000
GAZP,0,20090111,103120,112.000000000,200
GAZP,0,20090111,103120,112.000000000,8800
GAZP,0,20090111,103120,112.000000000,1000
GAZP,0,20090111,103120,112.000000000,5
GAZP,0,20090111,103120,112.000000000,100
GAZP,0,20090111,103120,112.000000000,3
GAZP,0,20090111,103120,112.000000000,40
GAZP,0,20090111,103120,112.000000000,3
GAZP,0,20090111,103120,112.000000000,5000
GAZP,0,20090111,103120,112.000000000,200
GAZP,0,20090111,103120,112.000000000,10000
GAZP,0,20090111,103120,112.000000000,20
GAZP,0,20090111,103120,112.000000000,100
GAZP,0,20090111,103120,112.000000000,60
GAZP,0,20090111,103120,112.000000000,100
GAZP,0,20090111,103120,112.000000000,1000
GAZP,0,20090111,103120,112.000000000,1000
GAZP,0,20090111,103120,112.000000000,1345
GAZP,0,20090111,103120,112.000000000,3080
GAZP,0,20090111,103120,112.000000000,50
GAZP,0,20090111,103120,112.160000000,109
GAZP,0,20090111,103120,112.160000000,8
GAZP,0,20090111,103121,112.050000000,10
GAZP,0,20090111,103121,112.010000000,100
GAZP,0,20090111,103121,112.000000000,4890
GAZP,0,20090111,103121,112.000000000,1000
GAZP,0,20090111,103122,112.010000000,100
GAZP,0,20090111,103122,112.000000000,210
GAZP,0,20090111,103122,112.000000000,45
GAZP,0,20090111,103122,112.160000000,383
GAZP,0,20090111,103122,112.160000000,415
GAZP,0,20090111,103123,112.220000000,1700
GAZP,0,20090111,103123,112.200000000,4202
GAZP,0,20090111,103123,112.010000000,200
GAZP,0,20090111,103123,112.010000000,204
GAZP,0,20090111,103123,112.010000000,209
GAZP,0,20090111,103123,112.000000000,5485
GAZP,0,20090111,103123,112.000000000,175
GAZP,0,20090111,103123,112.000000000,1000
GAZP,0,20090111,103123,112.000000000,550
GAZP,0,20090111,103123,112.000000000,5000
GAZP,0,20090111,103123,112.000000000,200
GAZP,0,20090111,103123,112.200000000,90
GAZP,0,20090111,103123,112.250000000,100
GAZP,0,20090111,103123,112.000000000,3260
GAZP,0,20090111,103123,112.440000000,30
GAZP,0,20090111,103123,112.450000000,120
GAZP,0,20090111,103124,112.000000000,50
GAZP,0,20090111,103124,112.000000000,3008
GAZP,0,20090111,103124,112.000000000,5000
GAZP,0,20090111,103124,112.000000000,1320
GAZP,0,20090111,103125,112.050000000,3100
GAZP,0,20090111,103125,112.050000000,1900
GAZP,0,20090111,103125,112.010000000,377
GAZP,0,20090111,103125,112.000000000,223
GAZP,0,20090111,103125,112.000000000,1000
GAZP,0,20090111,103125,112.000000000,2000
GAZP,0,20090111,103126,112.000000000,2000
GAZP,0,20090111,103126,112.000000000,100
GAZP,0,20090111,103126,112.000000000,200
GAZP,0,20090111,103126,112.000000000,10154
GAZP,0,20090111,103126,112.000000000,1
GAZP,0,20090111,103126,112.000000000,388
GAZP,0,20090111,103126,112.000000000,50
GAZP,0,20090111,103126,112.000000000,256
GAZP,0,20090111,103126,112.000000000,1
GAZP,0,20090111,103126,112.000000000,10
GAZP,0,20090111,103126,112.000000000,50
GAZP,0,20090111,103126,112.000000000,500
GAZP,0,20090111,103126,112.000000000,183
GAZP,0,20090111,103126,112.000000000,2715
GAZP,0,20090111,103126,111.900000000,200
GAZP,0,20090111,103126,111.900000000,10
GAZP,0,20090111,103126,111.900000000,20
GAZP,0,20090111,103126,111.850000000,50
GAZP,0,20090111,103126,111.810000000,100
GAZP,0,20090111,103126,111.800000000,100
GAZP,0,20090111,103126,111.800000000,100
GAZP,0,20090111,103126,111.800000000,190
GAZP,0,20090111,103126,112.000000000,285
GAZP,0,20090111,103126,112.000000000,1622
GAZP,0,20090111,103126,112.010000000,1
GAZP,0,20090111,103126,112.010000000,92
GAZP,0,20090111,103126,112.010000000,10
GAZP,0,20090111,103126,111.800000000,810
GAZP,0,20090111,103126,111.800000000,10
GAZP,0,20090111,103126,111.800000000,380
GAZP,0,20090111,103127,112.000000000,5000
GAZP,0,20090111,103127,111.800000000,1200
GAZP,0,20090111,103127,111.800000000,420
GAZP,0,20090111,103127,111.800000000,400
GAZP,0,20090111,103127,111.800000000,180
GAZP,0,20090111,103127,112.000000000,100
GAZP,0,20090111,103128,111.800000000,120
GAZP,0,20090111,103128,111.800000000,50
GAZP,0,20090111,103128,111.800000000,17
GAZP,0,20090111,103128,111.800000000,2555
GAZP,0,20090111,103128,111.800000000,100
GAZP,0,20090111,103128,111.770000000,500
GAZP,0,20090111,103128,111.770000000,1658
GAZP,0,20090111,103128,112.000000000,3400
GAZP,0,20090111,103128,112.000000000,100
GAZP,0,20090111,103128,112.000000000,200
GAZP,0,20090111,103128,112.000000000,340
GAZP,0,20090111,103128,112.000000000,60
GAZP,0,20090111,103128,112.000000000,1500
GAZP,0,20090111,103128,112.000000000,400
GAZP,0,20090111,103128,112.000000000,870
GAZP,0,20090111,103128,112.000000000,50
GAZP,0,20090111,103128,112.000000000,50
GAZP,0,20090111,103128,112.000000000,385
GAZP,0,20090111,103128,112.010000000,100
GAZP,0,20090111,103128,112.010000000,500
GAZP,0,20090111,103128,112.010000000,298
GAZP,0,20090111,103128,112.070000000,100
GAZP,0,20090111,103128,112.020000000,225
GAZP,0,20090111,103128,112.010000000,4775
GAZP,0,20090111,103129,112.010000000,377
GAZP,0,20090111,103129,112.010000000,100
GAZP,0,20090111,103129,112.010000000,20
GAZP,0,20090111,103129,112.010000000,1000
GAZP,0,20090111,103129,112.010000000,4350
GAZP,0,20090111,103129,112.010000000,464
GAZP,0,20090111,103129,112.010000000,50
GAZP,0,20090111,103130,112.010000000,4
GAZP,0,20090111,103130,112.010000000,1000
GAZP,0,20090111,103130,112.010000000,40
GAZP,0,20090111,103130,112.070000000,200
GAZP,0,20090111,103130,112.100000000,512
GAZP,0,20090111,103130,112.100000000,288
GAZP,0,20090111,103130,112.010000000,707
GAZP,0,20090111,103131,112.010000000,200
GAZP,0,20090111,103131,112.010000000,200
GAZP,0,20090111,103131,112.010000000,10
GAZP,0,20090111,103131,112.010000000,500
GAZP,0,20090111,103131,112.010000000,1000
GAZP,0,20090111,103131,112.010000000,15
GAZP,0,20090111,103131,112.010000000,9000
GAZP,0,20090111,103131,112.010000000,50
GAZP,0,20090111,103131,112.050000000,100
GAZP,0,20090111,103131,112.010000000,7940
GAZP,0,20090111,103131,112.100000000,1300
GAZP,0,20090111,103131,112.010000000,1487
GAZP,0,20090111,103131,112.010000000,1000
GAZP,0,20090111,103132,112.010000000,92
GAZP,0,20090111,103132,112.010000000,200
GAZP,0,20090111,103132,112.100000000,412
GAZP,0,20090111,103132,112.100000000,588
GAZP,0,20090111,103132,112.100000000,712
GAZP,0,20090111,103132,112.100000000,30
GAZP,0,20090111,103132,112.350000000,258
GAZP,0,20090111,103133,112.110000000,750
GAZP,0,20090111,103133,112.110000000,2000
GAZP,0,20090111,103133,112.110000000,2250
GAZP,0,20090111,103133,112.100000000,1
GAZP,0,20090111,103133,112.060000000,2749
GAZP,0,20090111,103133,112.060000000,10
GAZP,0,20090111,103133,112.060000000,1241
GAZP,0,20090111,103133,112.030000000,1459
GAZP,0,20090111,103133,112.030000000,100
GAZP,0,20090111,103133,112.100000000,1000
GAZP,0,20090111,103134,112.100000000,1000
GAZP,0,20090111,103134,112.200000000,200
GAZP,0,20090111,103134,112.200000000,100
GAZP,0,20090111,103134,112.200000000,1000
GAZP,0,20090111,103134,112.200000000,200
GAZP,0,20090111,103134,112.340000000,400
GAZP,0,20090111,103135,112.200000000,2500
GAZP,0,20090111,103135,112.200000000,290
GAZP,0,20090111,103135,112.200000000,500
GAZP,0,20090111,103135,112.200000000,500
GAZP,0,20090111,103135,112.350000000,100
GAZP,0,20090111,103136,112.250000000,500
GAZP,0,20090111,103136,112.250000000,1000
GAZP,0,20090111,103136,112.250000000,3180
GAZP,0,20090111,103136,112.250000000,1
GAZP,0,20090111,103137,112.350000000,2
GAZP,0,20090111,103137,112.250000000,220
GAZP,0,20090111,103137,112.250000000,100
GAZP,0,20090111,103137,112.310000000,400
GAZP,0,20090111,103138,112.310000000,1600
GAZP,0,20090111,103138,112.310000000,3000
GAZP,0,20090111,103138,112.250000000,1999
GAZP,0,20090111,103138,112.250000000,1000
GAZP,0,20090111,103138,112.210000000,1
GAZP,0,20090111,103138,112.350000000,640
GAZP,0,20090111,103138,112.390000000,2000
GAZP,0,20090111,103138,112.400000000,1000
GAZP,0,20090111,103138,112.400000000,456
GAZP,0,20090111,103138,112.440000000,1000
GAZP,0,20090111,103138,112.450000000,5330
GAZP,0,20090111,103138,112.450000000,200
GAZP,0,20090111,103138,112.450000000,500
GAZP,0,20090111,103138,112.450000000,1000
GAZP,0,20090111,103138,112.450000000,35
GAZP,0,20090111,103138,112.470000000,250
GAZP,0,20090111,103138,112.470000000,100
GAZP,0,20090111,103138,112.480000000,10000
GAZP,0,20090111,103138,112.500000000,140
GAZP,0,20090111,103138,112.500000000,300
GAZP,0,20090111,103138,112.500000000,20
GAZP,0,20090111,103138,112.500000000,300
GAZP,0,20090111,103138,112.500000000,1000
GAZP,0,20090111,103138,112.500000000,50000
GAZP,0,20090111,103138,112.500000000,11000
GAZP,0,20090111,103138,112.500000000,10
GAZP,0,20090111,103138,112.500000000,200
GAZP,0,20090111,103138,112.500000000,137
GAZP,0,20090111,103138,112.500000000,500
GAZP,0,20090111,103138,112.500000000,5567
GAZP,0,20090111,103139,112.400000000,100
GAZP,0,20090111,103139,112.210000000,99
GAZP,0,20090111,103139,112.200000000,3801
GAZP,0,20090111,103139,112.300000000,2
GAZP,0,20090111,103139,112.200000000,998
GAZP,0,20090111,103140,112.300000000,2000
GAZP,0,20090111,103140,112.210000000,187
GAZP,0,20090111,103140,112.200000000,9911
GAZP,0,20090111,103140,112.200000000,200
GAZP,0,20090111,103140,112.150000000,943
GAZP,0,20090111,103140,112.500000000,10
GAZP,0,20090111,103140,112.500000000,10
GAZP,0,20090111,103141,112.500000000,100
GAZP,0,20090111,103141,112.500000000,300
GAZP,0,20090111,103141,112.500000000,5
GAZP,0,20090111,103141,112.520000000,200
GAZP,0,20090111,103141,112.570000000,100
GAZP,0,20090111,103141,112.570000000,100
GAZP,0,20090111,103141,112.770000000,1100
GAZP,0,20090111,103142,112.500000000,278
GAZP,0,20090111,103142,112.500000000,200
GAZP,0,20090111,103142,112.500000000,2000
GAZP,0,20090111,103142,112.770000000,200
GAZP,0,20090111,103142,112.500000000,700
GAZP,0,20090111,103143,112.510000000,1
GAZP,0,20090111,103143,112.510000000,20
GAZP,0,20090111,103143,112.510000000,100
GAZP,0,20090111,103143,112.510000000,2
GAZP,0,20090111,103143,112.520000000,93
GAZP,0,20090111,103143,112.760000000,187
GAZP,0,20090111,103143,112.770000000,100
GAZP,0,20090111,103143,112.770000000,2377
GAZP,0,20090111,103143,112.850000000,4000
GAZP,0,20090111,103143,112.860000000,1
GAZP,0,20090111,103143,112.890000000,1
GAZP,0,20090111,103143,112.890000000,202
GAZP,0,20090111,103143,112.510000000,500
GAZP,0,20090111,103144,112.890000000,2500
GAZP,0,20090111,103144,112.800000000,3
GAZP,0,20090111,103144,112.800000000,37
GAZP,0,20090111,103144,112.800000000,300
GAZP,0,20090111,103144,112.890000000,111
GAZP,0,20090111,103144,112.890000000,20
GAZP,0,20090111,103145,112.800000000,4000
GAZP,0,20090111,103145,112.800000000,5
GAZP,0,20090111,103145,112.800000000,5
GAZP,0,20090111,103145,112.800000000,5
GAZP,0,20090111,103145,112.800000000,5
GAZP,0,20090111,103145,112.800000000,2200
GAZP,0,20090111,103145,112.890000000,50
GAZP,0,20090111,103145,112.800000000,2
GAZP,0,20090111,103145,112.890000000,200
GAZP,0,20090111,103146,112.860000000,513
GAZP,0,20090111,103146,112.800000000,487
GAZP,0,20090111,103146,112.890000000,9
GAZP,0,20090111,103146,112.530000000,50
GAZP,0,20090111,103146,112.890000000,5
GAZP,0,20090111,103147,112.890000000,1000
GAZP,0,20090111,103147,112.570000000,10
GAZP,0,20090111,103147,112.730000000,1000
GAZP,0,20090111,103147,112.890000000,200
GAZP,0,20090111,103148,112.770000000,100
GAZP,0,20090111,103148,112.770000000,20
GAZP,0,20090111,103148,112.880000000,2000
GAZP,0,20090111,103149,112.890000000,500
GAZP,0,20090111,103149,112.890000000,5203
GAZP,0,20090111,103149,112.900000000,197
GAZP,0,20090111,103149,112.770000000,10
GAZP,0,20090111,103149,112.800000000,5000
GAZP,0,20090111,103149,112.900000000,203
GAZP,0,20090111,103149,112.900000000,100
GAZP,0,20090111,103149,112.900000000,80
GAZP,0,20090111,103149,112.910000000,10
GAZP,0,20090111,103149,112.910000000,607
GAZP,0,20090111,103149,112.770000000,100
GAZP,0,20090111,103149,112.770000000,140
GAZP,0,20090111,103150,112.840000000,1000
GAZP,0,20090111,103150,112.860000000,100
GAZP,0,20090111,103150,112.910000000,1393
GAZP,0,20090111,103150,112.950000000,7
GAZP,0,20090111,103150,112.770000000,200
GAZP,0,20090111,103150,112.770000000,3000
GAZP,0,20090111,103151,112.770000000,250
GAZP,0,20090111,103151,112.770000000,1000
GAZP,0,20090111,103151,112.880000000,500
GAZP,0,20090111,103151,112.950000000,93
GAZP,0,20090111,103151,112.950000000,323
GAZP,0,20090111,103151,112.950000000,84
GAZP,0,20090111,103151,112.950000000,50
GAZP,0,20090111,103151,112.770000000,10
GAZP,0,20090111,103152,112.900000000,3
GAZP,0,20090111,103152,112.950000000,5800
GAZP,0,20090111,103152,112.950000000,100
GAZP,0,20090111,103153,112.900000000,500
GAZP,0,20090111,103153,112.900000000,115
GAZP,0,20090111,103153,112.880000000,9685
GAZP,0,20090111,103153,112.950000000,966
GAZP,0,20090111,103153,112.950000000,13000
GAZP,0,20090111,103153,112.960000000,1000
GAZP,0,20090111,103153,112.970000000,1000
GAZP,0,20090111,103153,112.970000000,312
GAZP,0,20090111,103153,112.970000000,500
GAZP,0,20090111,103153,112.980000000,1
GAZP,0,20090111,103153,112.980000000,10
GAZP,0,20090111,103153,112.980000000,680
GAZP,0,20090111,103153,112.990000000,10
GAZP,0,20090111,103153,112.990000000,200
GAZP,0,20090111,103153,112.990000000,10000
GAZP,0,20090111,103153,112.990000000,200
GAZP,0,20090111,103153,113.000000000,81665
GAZP,0,20090111,103153,113.000000000,10
GAZP,0,20090111,103153,113.000000000,1240
GAZP,0,20090111,103153,113.000000000,140
GAZP,0,20090111,103153,113.000000000,2180
GAZP,0,20090111,103153,113.000000000,4300
GAZP,0,20090111,103153,113.000000000,13000
GAZP,0,20090111,103153,113.000000000,3000
GAZP,0,20090111,103153,113.000000000,20
GAZP,0,20090111,103153,113.000000000,500
GAZP,0,20090111,103153,113.000000000,500
GAZP,0,20090111,103153,113.000000000,5
GAZP,0,20090111,103153,113.000000000,100
GAZP,0,20090111,103153,113.000000000,500
GAZP,0,20090111,103153,113.000000000,1000
GAZP,0,20090111,103153,113.000000000,52
GAZP,0,20090111,103153,113.000000000,6040
GAZP,0,20090111,103153,113.000000000,150
GAZP,0,20090111,103153,113.000000000,2500
GAZP,0,20090111,103153,113.000000000,100
GAZP,0,20090111,103153,113.000000000,200
GAZP,0,20090111,103153,113.000000000,100
GAZP,0,20090111,103153,113.000000000,100
GAZP,0,20090111,103153,113.000000000,3275
GAZP,0,20090111,103153,113.000000000,7000
GAZP,0,20090111,103153,113.000000000,500
GAZP,0,20090111,103153,113.000000000,500
GAZP,0,20090111,103153,113.000000000,1000
GAZP,0,20090111,103153,113.000000000,1000
GAZP,0,20090111,103153,113.000000000,50000
GAZP,0,20090111,103153,113.000000000,3814
GAZP,0,20090111,103153,113.000000000,800
GAZP,0,20090111,103153,113.000000000,100
GAZP,0,20090111,103153,113.000000000,1000
GAZP,0,20090111,103153,113.000000000,200
GAZP,0,20090111,103153,113.000000000,500
GAZP,0,20090111,103153,113.000000000,1720
GAZP,0,20090111,103153,113.000000000,265
GAZP,0,20090111,103153,113.000000000,683
GAZP,0,20090111,103153,113.000000000,400
GAZP,0,20090111,103153,113.000000000,5
GAZP,0,20090111,103153,113.000000000,500
GAZP,0,20090111,103153,113.000000000,100
GAZP,0,20090111,103153,113.000000000,50
GAZP,0,20090111,103153,113.000000000,10
GAZP,0,20090111,103153,113.000000000,4618
GAZP,0,20090111,103153,113.000000000,297
GAZP,0,20090111,103153,113.000000000,3
GAZP,0,20090111,103154,113.000000000,500
GAZP,0,20090111,103154,112.900000000,55
GAZP,0,20090111,103154,112.900000000,45
GAZP,0,20090111,103154,112.910000000,10
GAZP,0,20090111,103154,112.940000000,245
GAZP,0,20090111,103155,112.940000000,4255
GAZP,0,20090111,103155,113.000000000,8785
GAZP,0,20090111,103155,113.000000000,1500
GAZP,0,20090111,103155,113.000000000,300
GAZP,0,20090111,103155,113.000000000,150
GAZP,0,20090111,103155,113.010000000,1
GAZP,0,20090111,103155,113.030000000,25
GAZP,0,20090111,103155,113.050000000,1
GAZP,0,20090111,103155,113.060000000,2000
GAZP,0,20090111,103155,113.090000000,40
GAZP,0,20090111,103155,113.100000000,1000
GAZP,0,20090111,103155,113.120000000,200
GAZP,0,20090111,103155,113.140000000,200
GAZP,0,20090111,103155,113.150000000,100
GAZP,0,20090111,103155,113.150000000,100
GAZP,0,20090111,103155,113.150000000,137
GAZP,0,20090111,103155,113.150000000,1223
GAZP,0,20090111,103155,113.150000000,200
GAZP,0,20090111,103155,113.060000000,250
GAZP,0,20090111,103155,113.060000000,1
GAZP,0,20090111,103156,113.060000000,9
GAZP,0,20090111,103156,113.060000000,90
GAZP,0,20090111,103156,113.150000000,1000
GAZP,0,20090111,103156,113.060000000,300
GAZP,0,20090111,103157,113.060000000,4
GAZP,0,20090111,103157,113.060000000,1000
GAZP,0,20090111,103157,113.060000000,4000
GAZP,0,20090111,103158,113.150000000,1900
GAZP,0,20090111,103158,113.100000000,700
GAZP,0,20090111,103158,113.150000000,6000
GAZP,0,20090111,103159,113.100000000,623
GAZP,0,20090111,103159,113.100000000,1000
GAZP,0,20090111,103159,113.100000000,4600
GAZP,0,20090111,103159,113.100000000,1034
GAZP,0,20090111,103159,113.090000000,11
GAZP,0,20090111,103159,113.060000000,955
GAZP,0,20090111,103159,113.110000000,10
GAZP,0,20090111,103159,113.150000000,990
GAZP,0,20090111,103200,113.060000000,55
GAZP,0,20090111,103200,113.060000000,8000
GAZP,0,20090111,103200,113.060000000,2000
GAZP,0,20090111,103201,113.100000000,200
GAZP,0,20090111,103201,113.100000000,200
GAZP,0,20090111,103201,113.100000000,30
GAZP,0,20090111,103201,113.140000000,1000
GAZP,0,20090111,103201,113.150000000,1500
GAZP,0,20090111,103201,113.100000000,100
GAZP,0,20090111,103201,113.110000000,1
GAZP,0,20090111,103201,113.100000000,4
GAZP,0,20090111,103201,113.150000000,2187
GAZP,0,20090111,103201,113.150000000,1000
GAZP,0,20090111,103201,113.150000000,1
GAZP,0,20090111,103201,113.190000000,5624
GAZP,0,20090111,103202,113.190000000,2000
GAZP,0,20090111,103202,113.150000000,1200
GAZP,0,20090111,103202,113.150000000,2256
GAZP,0,20090111,103202,113.190000000,500
GAZP,0,20090111,103203,113.150000000,8
GAZP,0,20090111,103203,113.150000000,600
GAZP,0,20090111,103203,113.150000000,936
GAZP,0,20090111,103203,113.130000000,64
GAZP,0,20090111,103203,113.130000000,100
GAZP,0,20090111,103203,113.190000000,1676
GAZP,0,20090111,103203,113.200000000,10
GAZP,0,20090111,103203,113.200000000,50
GAZP,0,20090111,103204,113.240000000,500
GAZP,0,20090111,103204,113.250000000,960
GAZP,0,20090111,103204,113.250000000,1
GAZP,0,20090111,103204,113.250000000,700
GAZP,0,20090111,103204,113.270000000,10
GAZP,0,20090111,103204,113.270000000,200
GAZP,0,20090111,103205,113.300000000,3
GAZP,0,20090111,103205,113.300000000,297
GAZP,0,20090111,103205,113.300000000,200
GAZP,0,20090111,103205,113.390000000,5
GAZP,0,20090111,103205,113.400000000,698
GAZP,0,20090111,103205,113.400000000,121
GAZP,0,20090111,103205,113.400000000,300
GAZP,0,20090111,103205,113.440000000,200
GAZP,0,20090111,103205,113.450000000,5
GAZP,0,20090111,103205,113.450000000,330
GAZP,0,20090111,103205,113.470000000,1
GAZP,0,20090111,103205,113.470000000,43
GAZP,0,20090111,103205,113.470000000,20
GAZP,0,20090111,103205,113.470000000,87
GAZP,0,20090111,103205,113.480000000,3
GAZP,0,20090111,103205,113.270000000,2629
GAZP,0,20090111,103205,113.200000000,13264
GAZP,0,20090111,103205,113.160000000,25
GAZP,0,20090111,103205,113.130000000,3336
GAZP,0,20090111,103205,113.110000000,2000
GAZP,0,20090111,103205,113.100000000,466
GAZP,0,20090111,103205,113.060000000,2716
GAZP,0,20090111,103205,113.060000000,1082
GAZP,0,20090111,103205,113.040000000,6000
GAZP,0,20090111,103205,113.030000000,250
GAZP,0,20090111,103205,113.020000000,10000
GAZP,0,20090111,103205,113.020000000,850
GAZP,0,20090111,103205,113.010000000,3253
GAZP,0,20090111,103206,113.010000000,250
GAZP,0,20090111,103206,113.110000000,25
GAZP,0,20090111,103206,113.480000000,97
GAZP,0,20090111,103206,113.490000000,220
GAZP,0,20090111,103206,113.500000000,658
GAZP,0,20090111,103206,113.230000000,282
GAZP,0,20090111,103206,113.230000000,100
GAZP,0,20090111,103206,113.230000000,18
GAZP,0,20090111,103206,113.250000000,600
GAZP,0,20090111,103206,113.270000000,100
GAZP,0,20090111,103206,113.490000000,223
GAZP,0,20090111,103206,113.500000000,1077
GAZP,0,20090111,103207,113.390000000,500
GAZP,0,20090111,103207,113.420000000,230
GAZP,0,20090111,103207,113.240000000,850
GAZP,0,20090111,103208,113.300000000,3000
GAZP,0,20090111,103208,113.300000000,89
GAZP,0,20090111,103208,113.300000000,1007
GAZP,0,20090111,103209,113.390000000,282
GAZP,0,20090111,103209,113.390000000,500
GAZP,0,20090111,103209,113.420000000,5
GAZP,0,20090111,103210,113.390000000,200
GAZP,0,20090111,103210,113.390000000,1000
GAZP,0,20090111,103210,113.390000000,18
GAZP,0,20090111,103210,113.300000000,82
GAZP,0,20090111,103210,113.300000000,500
GAZP,0,20090111,103210,113.370000000,20
GAZP,0,20090111,103210,113.370000000,80
GAZP,0,20090111,103210,113.410000000,50
GAZP,0,20090111,103210,113.400000000,405
GAZP,0,20090111,103211,113.300000000,200
GAZP,0,20090111,103211,113.390000000,40
GAZP,0,20090111,103211,113.390000000,2000
GAZP,0,20090111,103212,113.350000000,300
GAZP,0,20090111,103213,113.300000000,2800
GAZP,0,20090111,103213,113.300000000,20
GAZP,0,20090111,103213,113.300000000,2632
GAZP,0,20090111,103213,113.350000000,100
GAZP,0,20090111,103214,113.350000000,100
GAZP,0,20090111,103214,113.300000000,6000
GAZP,0,20090111,103214,113.300000000,670
GAZP,0,20090111,103214,113.300000000,64
GAZP,0,20090111,103214,113.200000000,1
GAZP,0,20090111,103215,113.200000000,100
GAZP,0,20090111,103215,113.300000000,1000
GAZP,0,20090111,103215,113.200000000,1299
GAZP,0,20090111,103215,113.200000000,1000
GAZP,0,20090111,103215,113.200000000,100
GAZP,0,20090111,103215,113.100000000,1601
GAZP,0,20090111,103215,113.100000000,1000
GAZP,0,20090111,103215,113.300000000,2
GAZP,0,20090111,103215,113.300000000,5000
GAZP,0,20090111,103216,113.100000000,300
GAZP,0,20090111,103216,113.110000000,50
GAZP,0,20090111,103216,113.200000000,3000
GAZP,0,20090111,103216,113.200000000,50
GAZP,0,20090111,103216,113.200000000,1000
GAZP,0,20090111,103216,113.200000000,2000
GAZP,0,20090111,103216,113.110000000,1300
GAZP,0,20090111,103216,113.200000000,1200
GAZP,0,20090111,103217,113.110000000,1000
GAZP,0,20090111,103217,113.110000000,263
GAZP,0,20090111,103217,113.100000000,99
GAZP,0,20090111,103217,113.100000000,638
GAZP,0,20090111,103218,113.100000000,200
GAZP,0,20090111,103218,113.100000000,1000
GAZP,0,20090111,103219,113.100000000,800
GAZP,0,20090111,103219,113.200000000,10
GAZP,0,20090111,103219,113.250000000,300
GAZP,0,20090111,103219,113.280000000,1226
GAZP,0,20090111,103219,113.100000000,20
GAZP,0,20090111,103219,113.110000000,20
GAZP,0,20090111,103219,113.100000000,1000
GAZP,0,20090111,103219,113.100000000,200
GAZP,0,20090111,103219,113.100000000,30
GAZP,0,20090111,103220,113.100000000,100
GAZP,0,20090111,103220,113.100000000,1
GAZP,0,20090111,103220,113.100000000,1
GAZP,0,20090111,103220,113.100000000,1
GAZP,0,20090111,103220,113.100000000,1
GAZP,0,20090111,103220,113.100000000,1
GAZP,0,20090111,103220,113.100000000,445
GAZP,0,20090111,103220,113.100000000,1
GAZP,0,20090111,103220,113.100000000,1
GAZP,0,20090111,103220,113.100000000,1
GAZP,0,20090111,103220,113.100000000,1
GAZP,0,20090111,103220,113.100000000,1
GAZP,0,20090111,103220,113.100000000,1
GAZP,0,20090111,103220,113.100000000,1
GAZP,0,20090111,103220,113.100000000,1
GAZP,0,20090111,103220,113.100000000,1
GAZP,0,20090111,103220,113.100000000,1
GAZP,0,20090111,103220,113.100000000,1
GAZP,0,20090111,103220,113.100000000,1
GAZP,0,20090111,103220,113.100000000,1
GAZP,0,20090111,103220,113.100000000,1
GAZP,0,20090111,103220,113.100000000,1
GAZP,0,20090111,103221,113.110000000,1200
GAZP,0,20090111,103221,113.110000000,100
GAZP,0,20090111,103221,113.100000000,1
GAZP,0,20090111,103221,113.110000000,100
GAZP,0,20090111,103221,113.100000000,1546
GAZP,0,20090111,103221,113.070000000,1352
GAZP,0,20090111,103221,113.070000000,1000
GAZP,0,20090111,103221,113.070000000,60
GAZP,0,20090111,103221,113.070000000,400
GAZP,0,20090111,103222,113.070000000,188
GAZP,0,20090111,103222,113.060000000,1
GAZP,0,20090111,103222,113.060000000,502
GAZP,0,20090111,103222,113.110000000,1400
GAZP,0,20090111,103222,113.110000000,48
GAZP,0,20090111,103222,113.180000000,1
GAZP,0,20090111,103222,113.200000000,951
GAZP,0,20090111,103223,113.200000000,1399
GAZP,0,20090111,103223,113.240000000,1258
GAZP,0,20090111,103223,113.240000000,2242
GAZP,0,20090111,103223,113.250000000,2000
GAZP,0,20090111,103223,113.270000000,25
GAZP,0,20090111,103223,113.280000000,3500
GAZP,0,20090111,103223,113.280000000,10
GAZP,0,20090111,103223,113.280000000,1
GAZP,0,20090111,103223,113.300000000,3064
GAZP,0,20090111,103223,113.060000000,2498
GAZP,0,20090111,103223,113.060000000,10
GAZP,0,20090111,103223,113.040000000,2492
GAZP,0,20090111,103223,113.100000000,263
GAZP,0,20090111,103223,113.300000000,737
GAZP,0,20090111,103223,113.110000000,150
GAZP,0,20090111,103224,113.300000000,100
GAZP,0,20090111,103224,113.110000000,15
GAZP,0,20090111,103224,113.110000000,530
GAZP,0,20090111,103224,113.190000000,100
GAZP,0,20090111,103224,113.110000000,20
GAZP,0,20090111,103224,113.190000000,3000
GAZP,0,20090111,103224,113.110000000,100
GAZP,0,20090111,103224,113.190000000,1400
GAZP,0,20090111,103225,113.110000000,278
GAZP,0,20090111,103225,113.120000000,244
GAZP,0,20090111,103225,113.110000000,1656
GAZP,0,20090111,103225,113.120000000,3500
GAZP,0,20090111,103225,113.110000000,251
GAZP,0,20090111,103225,113.110000000,200
GAZP,0,20090111,103225,113.100000000,700
GAZP,0,20090111,103225,113.060000000,10
GAZP,0,20090111,103225,113.040000000,7508
GAZP,0,20090111,103225,113.020000000,190
GAZP,0,20090111,103225,113.020000000,4641
GAZP,0,20090111,103226,113.020000000,600
GAZP,0,20090111,103227,113.070000000,1200
GAZP,0,20090111,103227,113.070000000,100
GAZP,0,20090111,103228,113.070000000,348
GAZP,0,20090111,103228,113.100000000,100
GAZP,0,20090111,103228,113.180000000,25
GAZP,0,20090111,103229,113.070000000,50
GAZP,0,20090111,103229,113.070000000,1
GAZP,0,20090111,103229,113.070000000,400
GAZP,0,20090111,103229,113.100000000,20
GAZP,0,20090111,103230,113.070000000,100
GAZP,0,20090111,103230,113.100000000,80
GAZP,0,20090111,103230,113.180000000,120
GAZP,0,20090111,103230,113.070000000,2
GAZP,0,20090111,103230,113.070000000,5
GAZP,0,20090111,103230,113.070000000,111
GAZP,0,20090111,103231,113.070000000,60
GAZP,0,20090111,103231,113.020000000,190
GAZP,0,20090111,103232,113.020000000,1000
GAZP,0,20090111,103232,113.100000000,15000
GAZP,0,20090111,103232,113.100000000,219
GAZP,0,20090111,103232,113.100000000,500
GAZP,0,20090111,103232,113.100000000,2
GAZP,0,20090111,103232,113.180000000,28
GAZP,0,20090111,103232,113.180000000,250
GAZP,0,20090111,103232,113.110000000,243
GAZP,0,20090111,103232,113.100000000,757
GAZP,0,20090111,103232,113.110000000,231
GAZP,0,20090111,103232,113.100000000,43
GAZP,0,20090111,103233,113.110000000,205
GAZP,0,20090111,103233,113.100000000,295
GAZP,0,20090111,103233,113.100000000,100
GAZP,0,20090111,103233,113.100000000,3460
GAZP,0,20090111,103233,113.180000000,3102
GAZP,0,20090111,103233,113.200000000,50
GAZP,0,20090111,103233,113.250000000,5000
GAZP,0,20090111,103233,113.250000000,1000
GAZP,0,20090111,103233,113.250000000,2257
GAZP,0,20090111,103233,113.100000000,1
GAZP,0,20090111,103233,113.100000000,100
GAZP,0,20090111,103233,113.100000000,10
GAZP,0,20090111,103234,113.100000000,100
GAZP,0,20090111,103234,113.180000000,500
GAZP,0,20090111,103234,113.100000000,3500
GAZP,0,20090111,103235,113.100000000,30
GAZP,0,20090111,103235,113.250000000,8
GAZP,0,20090111,103235,113.110000000,1
GAZP,0,20090111,103235,113.250000000,2735
GAZP,0,20090111,103235,113.250000000,265
GAZP,0,20090111,103235,113.250000000,35
GAZP,0,20090111,103235,113.270000000,65
GAZP,0,20090111,103236,113.180000000,500
GAZP,0,20090111,103236,113.110000000,167
GAZP,0,20090111,103236,113.110000000,333
GAZP,0,20090111,103237,113.110000000,10
GAZP,0,20090111,103237,113.110000000,500
GAZP,0,20090111,103237,113.110000000,1
GAZP,0,20090111,103237,113.250000000,1
GAZP,0,20090111,103238,113.250000000,100
GAZP,0,20090111,103239,113.140000000,1000
GAZP,0,20090111,103239,113.110000000,2000
GAZP,0,20090111,103239,113.110000000,1466
GAZP,0,20090111,103240,113.130000000,50
GAZP,0,20090111,103240,113.110000000,1500
GAZP,0,20090111,103240,113.110000000,4190
GAZP,0,20090111,103241,113.110000000,25
GAZP,0,20090111,103241,113.110000000,1000
GAZP,0,20090111,103241,113.100000000,200
GAZP,0,20090111,103241,113.100000000,100
GAZP,0,20090111,103241,113.070000000,500
GAZP,0,20090111,103241,113.020000000,100
GAZP,0,20090111,103241,113.020000000,1
GAZP,0,20090111,103241,113.020000000,500
GAZP,0,20090111,103241,113.010000000,50
GAZP,0,20090111,103241,113.010000000,2
GAZP,0,20090111,103241,113.010000000,1
GAZP,0,20090111,103241,113.010000000,300
GAZP,0,20090111,103241,113.010000000,100
GAZP,0,20090111,103241,113.000000000,500
GAZP,0,20090111,103241,113.000000000,1000
GAZP,0,20090111,103241,113.000000000,250
GAZP,0,20090111,103241,113.000000000,100
GAZP,0,20090111,103241,113.000000000,271
GAZP,0,20090111,103241,113.100000000,250
GAZP,0,20090111,103241,113.130000000,150
GAZP,0,20090111,103241,113.230000000,300
GAZP,0,20090111,103242,113.000000000,229
GAZP,0,20090111,103242,113.000000000,1000
GAZP,0,20090111,103242,113.000000000,1000
GAZP,0,20090111,103242,113.000000000,300
GAZP,0,20090111,103242,113.000000000,10
GAZP,0,20090111,103242,113.000000000,273
GAZP,0,20090111,103242,113.000000000,100
GAZP,0,20090111,103242,113.000000000,10
GAZP,0,20090111,103242,113.000000000,1
GAZP,0,20090111,103242,113.000000000,200
GAZP,0,20090111,103242,113.000000000,1000
GAZP,0,20090111,103242,113.000000000,877
GAZP,0,20090111,103242,113.050000000,49
GAZP,0,20090111,103242,113.000000000,523
GAZP,0,20090111,103242,112.950000000,57
GAZP,0,20090111,103242,112.900000000,20
GAZP,0,20090111,103242,112.900000000,23
GAZP,0,20090111,103243,112.900000000,100
GAZP,0,20090111,103243,112.900000000,1877
GAZP,0,20090111,103243,112.890000000,30
GAZP,0,20090111,103245,112.890000000,50
GAZP,0,20090111,103245,112.890000000,600
GAZP,0,20090111,103245,112.880000000,100
GAZP,0,20090111,103245,112.890000000,2000
GAZP,0,20090111,103246,112.880000000,50
GAZP,0,20090111,103246,112.870000000,5
GAZP,0,20090111,103246,112.800000000,200
GAZP,0,20090111,103246,112.770000000,170
GAZP,0,20090111,103246,112.770000000,11
GAZP,0,20090111,103246,112.600000000,3500
GAZP,0,20090111,103246,112.580000000,64
GAZP,0,20090111,103246,112.580000000,176
GAZP,0,20090111,103246,112.570000000,171
GAZP,0,20090111,103247,112.570000000,1000
GAZP,0,20090111,103247,112.700000000,5
GAZP,0,20090111,103251,112.690000000,25
GAZP,0,20090111,103251,112.700000000,275
GAZP,0,20090111,103251,112.700000000,10
GAZP,0,20090111,103251,112.580000000,10
GAZP,0,20090111,103251,112.580000000,90
GAZP,0,20090111,103251,112.570000000,10
GAZP,0,20090111,103251,112.570000000,110
GAZP,0,20090111,103253,112.570000000,200
GAZP,0,20090111,103253,112.570000000,1000
GAZP,0,20090111,103253,112.600000000,1
GAZP,0,20090111,103253,112.600000000,2999
GAZP,0,20090111,103253,112.700000000,110
GAZP,0,20090111,103253,112.700000000,168
GAZP,0,20090111,103253,112.790000000,10000
GAZP,0,20090111,103253,112.800000000,1000
GAZP,0,20090111,103253,112.820000000,3500
GAZP,0,20090111,103253,112.830000000,3500
GAZP,0,20090111,103253,112.860000000,3000
GAZP,0,20090111,103253,112.870000000,2000
GAZP,0,20090111,103253,112.870000000,204
GAZP,0,20090111,103253,112.880000000,3000
GAZP,0,20090111,103253,112.890000000,6000
GAZP,0,20090111,103253,112.900000000,5000
GAZP,0,20090111,103253,112.930000000,39765
GAZP,0,20090111,103253,112.990000000,15000
GAZP,0,20090111,103253,113.000000000,1477
GAZP,0,20090111,103253,113.000000000,1000
GAZP,0,20090111,103253,113.000000000,177
GAZP,0,20090111,103253,113.000000000,100000
GAZP,0,20090111,103253,113.000000000,500
GAZP,0,20090111,103253,113.000000000,1600
GAZP,0,20090111,103254,112.570000000,500
GAZP,0,20090111,103255,112.610000000,50
GAZP,0,20090111,103255,112.610000000,550
GAZP,0,20090111,103256,112.610000000,4400
GAZP,0,20090111,103256,112.600000000,100
GAZP,0,20090111,103256,112.580000000,282
GAZP,0,20090111,103256,112.580000000,400
GAZP,0,20090111,103256,112.570000000,509
GAZP,0,20090111,103256,112.530000000,100
GAZP,0,20090111,103256,112.510000000,209
GAZP,0,20090111,103258,112.670000000,490
GAZP,0,20090111,103300,112.770000000,282
GAZP,0,20090111,103300,112.960000000,500
GAZP,0,20090111,103300,112.780000000,100
GAZP,0,20090111,103301,112.960000000,1000
GAZP,0,20090111,103301,112.790000000,100
GAZP,0,20090111,103301,112.790000000,125
GAZP,0,20090111,103302,112.790000000,75
GAZP,0,20090111,103302,112.950000000,5000
GAZP,0,20090111,103302,112.960000000,2000
GAZP,0,20090111,103302,112.990000000,205
GAZP,0,20090111,103302,112.990000000,2500
GAZP,0,20090111,103302,112.990000000,810
GAZP,0,20090111,103302,112.990000000,80
GAZP,0,20090111,103302,113.000000000,385
GAZP,0,20090111,103302,113.000000000,1752
GAZP,0,20090111,103302,113.000000000,100
GAZP,0,20090111,103302,113.000000000,722
GAZP,0,20090111,103302,113.000000000,30
GAZP,0,20090111,103302,113.000000000,1000
GAZP,0,20090111,103302,113.000000000,14000
GAZP,0,20090111,103302,113.000000000,39460
GAZP,0,20090111,103302,113.000000000,613
GAZP,0,20090111,103302,112.780000000,100
GAZP,0,20090111,103302,112.780000000,518
GAZP,0,20090111,103302,112.670000000,2748
GAZP,0,20090111,103303,112.930000000,100
GAZP,0,20090111,103303,112.670000000,262
GAZP,0,20090111,103303,112.630000000,488
GAZP,0,20090111,103303,112.630000000,10
GAZP,0,20090111,103303,112.630000000,200
GAZP,0,20090111,103303,112.630000000,480
GAZP,0,20090111,103304,112.630000000,32
GAZP,0,20090111,103305,112.650000000,1219
GAZP,0,20090111,103306,112.660000000,100
GAZP,0,20090111,103306,112.660000000,6
GAZP,0,20090111,103306,112.660000000,44
GAZP,0,20090111,103306,112.700000000,100
GAZP,0,20090111,103306,112.890000000,2000
GAZP,0,20090111,103306,112.930000000,500
GAZP,0,20090111,103307,112.890000000,70
GAZP,0,20090111,103307,112.800000000,400
GAZP,0,20090111,103307,112.700000000,800
GAZP,0,20090111,103308,112.700000000,6
GAZP,0,20090111,103310,112.890000000,4930
GAZP,0,20090111,103310,112.900000000,5000
GAZP,0,20090111,103310,112.930000000,10
GAZP,0,20090111,103310,112.970000000,1443
GAZP,0,20090111,103310,112.980000000,431
GAZP,0,20090111,103310,112.980000000,250
GAZP,0,20090111,103310,112.990000000,15000
GAZP,0,20090111,103310,113.000000000,9927
GAZP,0,20090111,103310,113.000000000,20
GAZP,0,20090111,103310,113.000000000,100
GAZP,0,20090111,103310,113.000000000,10
GAZP,0,20090111,103310,113.000000000,1000
GAZP,0,20090111,103310,113.000000000,2000
GAZP,0,20090111,103310,113.000000000,970
GAZP,0,20090111,103310,113.000000000,50
GAZP,0,20090111,103310,113.000000000,106
GAZP,0,20090111,103310,113.000000000,20000
GAZP,0,20090111,103310,113.000000000,1600
GAZP,0,20090111,103310,113.000000000,75
GAZP,0,20090111,103310,113.000000000,50
GAZP,0,20090111,103310,113.000000000,100
GAZP,0,20090111,103310,113.000000000,209
GAZP,0,20090111,103310,113.030000000,10
GAZP,0,20090111,103310,113.000000000,225
GAZP,0,20090111,103310,113.000000000,300
GAZP,0,20090111,103310,113.000000000,350
GAZP,0,20090111,103311,113.000000000,400
GAZP,0,20090111,103311,113.000000000,2000
GAZP,0,20090111,103311,113.000000000,15
GAZP,0,20090111,103311,113.000000000,500
GAZP,0,20090111,103311,113.030000000,115
GAZP,0,20090111,103311,113.030000000,10
GAZP,0,20090111,103311,113.050000000,375
GAZP,0,20090111,103311,113.000000000,1000
GAZP,0,20090111,103312,113.000000000,31929
GAZP,0,20090111,103312,113.000000000,885
GAZP,0,20090111,103312,113.000000000,232
GAZP,0,20090111,103312,113.000000000,9625
GAZP,0,20090111,103312,113.000000000,100
GAZP,0,20090111,103312,113.000000000,100
GAZP,0,20090111,103312,113.000000000,5000
GAZP,0,20090111,103312,113.000000000,1600
GAZP,0,20090111,103312,113.000000000,1210
GAZP,0,20090111,103312,113.010000000,240
GAZP,0,20090111,103312,113.000000000,1960
GAZP,0,20090111,103312,113.000000000,17
GAZP,0,20090111,103312,113.000000000,150
GAZP,0,20090111,103312,113.010000000,232
GAZP,0,20090111,103312,113.000000000,768
GAZP,0,20090111,103312,113.000000000,6000
GAZP,0,20090111,103313,113.010000000,247
GAZP,0,20090111,103313,113.000000000,4753
GAZP,0,20090111,103313,113.010000000,3
GAZP,0,20090111,103313,113.010000000,100
GAZP,0,20090111,103313,113.010000000,121
GAZP,0,20090111,103313,113.000000000,9879
GAZP,0,20090111,103313,113.000000000,100
GAZP,0,20090111,103314,113.010000000,100
GAZP,0,20090111,103314,113.010000000,200
GAZP,0,20090111,103314,113.010000000,30
GAZP,0,20090111,103314,113.000000000,470
GAZP,0,20090111,103314,113.000000000,5000
GAZP,0,20090111,103316,113.010000000,100
GAZP,0,20090111,103316,113.010000000,70
GAZP,0,20090111,103316,113.010000000,177
GAZP,0,20090111,103317,113.000000000,1000
GAZP,0,20090111,103317,113.010000000,23
GAZP,0,20090111,103317,113.050000000,2
GAZP,0,20090111,103317,113.000000000,3000
GAZP,0,20090111,103317,113.000000000,2000
GAZP,0,20090111,103317,113.000000000,500
GAZP,0,20090111,103318,113.000000000,2000
GAZP,0,20090111,103318,113.000000000,100
GAZP,0,20090111,103318,113.000000000,4000
GAZP,0,20090111,103318,113.000000000,100
GAZP,0,20090111,103318,113.000000000,657
GAZP,0,20090111,103318,113.000000000,39911
GAZP,0,20090111,103318,113.000000000,6
GAZP,0,20090111,103319,113.000000000,432
GAZP,0,20090111,103320,112.990000000,235
GAZP,0,20090111,103320,112.990000000,30
GAZP,0,20090111,103320,113.000000000,7735
GAZP,0,20090111,103320,112.830000000,5000
GAZP,0,20090111,103320,112.810000000,2000
GAZP,0,20090111,103320,112.810000000,3500
GAZP,0,20090111,103320,112.800000000,20
GAZP,0,20090111,103320,112.800000000,3008
GAZP,0,20090111,103320,112.750000000,7000
GAZP,0,20090111,103320,112.750000000,3000
GAZP,0,20090111,103320,112.720000000,5000
GAZP,0,20090111,103320,112.710000000,100
GAZP,0,20090111,103320,112.700000000,194
GAZP,0,20090111,103320,112.700000000,6000
GAZP,0,20090111,103320,112.700000000,50
GAZP,0,20090111,103320,112.700000000,1000
GAZP,0,20090111,103320,112.700000000,270
GAZP,0,20090111,103320,112.670000000,968
GAZP,0,20090111,103320,112.660000000,100
GAZP,0,20090111,103320,112.630000000,790
GAZP,0,20090111,103320,112.840000000,200
GAZP,0,20090111,103321,112.840000000,6
GAZP,0,20090111,103321,112.830000000,36
GAZP,0,20090111,103321,112.870000000,215
GAZP,0,20090111,103321,112.990000000,749
GAZP,0,20090111,103322,112.990000000,830
GAZP,0,20090111,103322,112.630000000,100
GAZP,0,20090111,103323,112.870000000,5
GAZP,0,20090111,103324,112.870000000,100
GAZP,0,20090111,103324,112.650000000,2000
GAZP,0,20090111,103324,112.630000000,1900
GAZP,0,20090111,103324,112.630000000,100
GAZP,0,20090111,103324,112.630000000,6000
GAZP,0,20090111,103325,112.870000000,95
GAZP,0,20090111,103325,112.970000000,3305
GAZP,0,20090111,103326,112.970000000,1695
GAZP,0,20090111,103326,112.980000000,3000
GAZP,0,20090111,103326,112.980000000,5000
GAZP,0,20090111,103326,112.980000000,3008
GAZP,0,20090111,103326,112.980000000,204
GAZP,0,20090111,103326,112.980000000,5000
GAZP,0,20090111,103326,112.990000000,1421
GAZP,0,20090111,103326,112.990000000,155
GAZP,0,20090111,103326,112.990000000,7000
GAZP,0,20090111,103326,112.990000000,1000
GAZP,0,20090111,103326,112.990000000,250
GAZP,0,20090111,103326,113.000000000,5184
GAZP,0,20090111,103326,113.000000000,5000
GAZP,0,20090111,103326,113.000000000,50
GAZP,0,20090111,103326,113.000000000,100
